1970 3267
811 187 978 227 -··-·-·—·--
1484 194 1542 241 4⁵

242 363 249 368 .
312 332 351 366 et
397 317 565 369 ceteris,
625 327 728 370 quae
788 323 931 356 necant
981 327 1053 368 per
1099 314 1368 369 voluptatem·
1436 314 1544 358 Inter

255 421 280 465 3
308 409 434 452 multa
469 402 680 458 magnifica
702 399 898 445 Demetrii
930 402 1089 456 nostri,
1124 410 1165 445 et
1198 402 1294 445 haec
1315 415 1412 446 vox
1448 411 1543 456 est,

244 536 253 542 ,
308 501 447 543 aqua
474 469 614 532 recens
651 499 770 531 sum:
802 497 920 531 sonat
956 487 1115 542 adhuc,
1149 497 1191 532 et
1221 487 1351 533 vibrat
1393 488 1436 532 in
1468 502 1541 533 au-

306 574 421 619 ribus
442 573 559 618 meis.
594 603 621 627 ,‚
645 571 762 616 Nihil
772 573 816 626 ‚”
846 572 1008 628 inquit,
1042 603 1070 625 „
1098 572 1199 616 mihi
1228 573 1391 617 videtur
1414 572 1543 618 infeli-

248 707 254 711 ,
312 691 341 715 ,.‚
368 660 456 706 cius
490 672 567 714 eo,
596 658 663 704 cui
694 658 793 704 nihil
816 671 1003 714 ,unquam
1038 656 1171 703 evenit
1199 656 1374 702 adversi.
1388 657 1417 677 ’²
1446 656 1545 704 Non

252 795 254 797 ,
308 746 421 791 licuit
460 745 566 788 enim
601 744 659 788 illi
692 758 736 790 se
768 744 957 800 experiri.
1015 744 1076 789 Ut
1102 757 1152 789 ex
1185 752 1289 789 voto
1319 744 1382 788 illi
1416 744 1543 790 fluxe-

306 834 387 877 rint
417 832 550 877 omnia
565 864 581 887 ,
620 842 666 875 ut
712 843 804 877 ante
846 842 990 877 votum
1004 863 1020 886 ‚
1060 833 1162 877 male
1200 843 1333 878 tamen
1387 834 1439 878 de
1472 832 1545 878 illo

310 918 380 963 Dii
410 917 722 975 judicaverunt3
766 917 956 972 indignus
993 917 1108 962 visus
1149 926 1214 961 est
1228 949 1244 972 ‚
1286 932 1310 961 a
1344 931 1429 972 quo
1461 918 1551 965 vin·

307 1011 467 1054 teretur
491 1001 707 1057 aliquando
730 1000 896 1045 fortuna
909 1032 925 1054 ,
952 1015 1056 1055 quae
1081 1002 1385 1057 ignavissimum
1409 1016 1551 1059 quem-

309 1102 391 1143 que
434 1087 587 1143 refugit
606 1118 622 1141 ,
672 1086 790 1141 quasi
841 1086 965 1131 dicat:
1008 1086 1123 1144 Quid
1158 1100 1236 1144 ego
1276 1088 1401 1134 istum
1447 1090 1550 1135 mihi

307 1174 580 1220 adversarium
610 1185 812 1218 assumam
826 1173 849 1217 ἱ)
879 1172 1013 1218 statim
1046 1185 1154 1218 arma
1185 1174 1413 1219 submittet.
1455 1187 1543 1221 non

262 1316 266 1323 ι
308 1274 416 1318 opus
465 1270 527 1305 est
555 1260 598 1305 in
632 1260 745 1305 illum
783 1269 871 1304 tota
915 1259 1099 1315 potentia
1136 1273 1248 1305 mea:
1310 1261 1390 1307 levi
1433 1275 1549 1308 com·

308 1347 528 1393 minatione
582 1347 770 1404 pelletur.
821 1358 906 1390 non
966 1356 1104 1402 potest
1141 1348 1343 1394 sustinere
1385 1350 1545 1397 vultum

314 1448 469 1480 meum.
527 1433 649 1477 Alius
684 1432 1060 1487 circumspiciatur,
1098 1446 1193 1478 cum
1234 1447 1319 1488 quo
1360 1436 1547 1482 conferre

256 1534 283 1575 4
312 1519 519 1576 possimus
554 1529 746 1562 manum:
779 1518 905 1572 pudet
935 1519 1127 1574 congredi
1157 1532 1252 1563 cum
1273 1519 1441 1564 homine
1458 1522 1549 1565 vin-

1009 1641 1011 1644 >
1509 1606 1552 1651 ci

303 1692 340 1727 3·
369 1682 499 1719 Sonat.
527 1678 642 1719 Voss.
667 1678 842 1730 praefigit
861 1685 928 1727 et,
950 1676 1059 1727 quod
1093 1676 1237 1727 majore
1259 1685 1348 1716 cum
1369 1677 1411 1717 vi
1444 1678 1557 1719 omit-

251 1745 281 1783 ti
322 1744 488 1784 videtur.

299 1808 502 1858 Experiri.
551 1807 670 1849 VosS.
696 1810 890 1858 experire.

302 1874 355 1914 Ut
386 1885 436 1912 ex
465 1881 550 1912 voto
586 1894 637 1903 —
673 1881 720 1912 ut
747 1879 1015 1914 ante-uotum.
1077 1873 1254 1923 Utroque
1284 1874 1375 1912 loco
1403 1883 1478 1923 pro
1508 1883 1556 1915 ut

249 1940 366 1981 Voss.
392 1939 506 1979 habet
536 1945 695 1977 utrum.-
720 1938 827 1978 Pinc.
862 1947 1033 1977 veterem
1066 1937 1163 1978 hanc
1193 1949 1375 1977 memorat
1411 1940 1553 1979 lectio-

253 2016 364 2045 nemz
385 2012 447 2045 ,ut
476 2016 510 2043 e.
540 2014 580 2042 ν.
601 2005 629 2041 i.
653 2002 698 2051 fl.
723 2008 762 2041 ’0.
792 2005 973 2041 ίηιηιοτει
1004 2011 1173 2042 ut.ante
1202 2012 1354 2043 votum.-
1391 2005 1459 2044 sed
1489 2006 1555 2045 iiia

253 2072 365 2126 impto
393 2078 433 2108 et
461 2068 674 2117 elegantius
702 2068 981 2117 intelliguntur.

305 2137 369 2174 De
398 2136 463 2174 illo
493 2135 583 2173 Dit'.
613 2134 730 2173 Voss.
765 2134 841 2172 Dte·
867 2134 914 2171 de
942 2135 1021 2173 illo.

303 2198 345 2238 A
371 2210 443 2248 quo
483 2200 585 2237 vinc.
616 2207 692 2238 cet.
746 2197 791 2236 In
834 2197 972 2237 eodem
1011 2201 1142 2238 locum
1185 2200 1237 2237 ita
1281 2198 1459 2240 refictum
1499 2201 1559 2240 vi-

253 2265 408 2305 demus:
455 2275 483 2303 a
523 2276 594 2313 quo
622 2266 866 2304 vinceretur.
918 2265 1136 2314 Aliquando
1162 2265 1329 2314 fhrtuna
1360 2270 1562 2316 ignovisse·-

253 2342 355 2370 mum
387 2340 566 2380 quemque
595 2326 759 2378 refugit.
784 2348 789 2368 2
810 2327 931 2367 Paulo
963 2339 1056 2378 post
1084 2328 1199 2369 habet
1227 2328 1325 2369 mihi
1353 2333 1485 2371 istum.

305 2395 439 2436 Subm.
473 2394 585 2434 Fabr.
620 2395 823 2433 summttet.
861 2394 978 2433 Voss.
1010 2393 1202 2434 demittet.

307 2462 415 2504 Suet.
442 2461 543 2501 vult.
576 2470 629 2503 m.
666 2458 744 2498 Hic
773 2468 900 2498 rursus
930 2460 1116 2500 orationis
1141 2471 1299 2501 numero
1328 2464 1462 2504 soluto
1481 2465 1565 2506 vul·

259 2531 340 2564 tum
372 2536 493 2563 meum
529 2526 733 2566 sustinere.

305 2601 345 2635 4.
369 2590 483 2627 Altus
509 2591 715 2637 circumsp.
741 2586 836 2626 Aru.
867 2590 979 2629 Alius
1012 2593 1111 2631 enim
1141 2594 1406 2642 conspiciatur.

310 2652 492 2703 Conferre
520 2656 701 2702 possimus
744 2665 911 2694 manum.
948 2660 1062 2699 voss,
1091 2664 1188 2707 poss.
1230 2658 1328 2708 conf}
1360 2672 1410 2700 m.
1450 2658 1563 2699 Fabr.

253 2728 334 2768 *pro
356 2718 534 2768 possimus
568 2717 682 2757 habet
708 2723 916 2766 possumus.
1476 2720 1559 2761 Ad.

396 2875 435 2897 S
