1970 3267
313 190 366 222 10
880 185 1044 224 Ξ

312 309 508 364 quaedam
558 307 807 351 Senecae
858 307 1036 351 indicant
1087 308 1239 364 (17):
1293 320 1425 363 neque
1479 316 1614 354 tamen

317 393 552 438 sententiam
595 393 699 435 hanc
744 392 977 447 Ruhkop
994 393 1018 436 f
1026 394 1076 436 io
1101 394 1318 448 probavit,
1359 395 1430 449 qui
1455 394 1612 449 Praef-

313 478 410 523 Vol.
445 492 488 522 2.
520 489 567 537 p.
604 478 723 525 xlv.
760 478 1052 523 Cornelio
1078 480 1241 534 quidem
1270 479 1612 538 abJudicandum,

308 574 396 609 non
429 564 526 607 item
571 564 797 609 Lucilio
829 564 1116 608 Vindicandum
1154 575 1309 610 censet.

365 651 561 698 Ceterum
600 650 666 694 hic
699 649 870 694 amicitia
893 650 1032 694 floruit
1062 651 1147 695 Cn.
1176 651 1343 696 Lentuli
1377 652 1612 707 Gaetulici,

310 738 454 793 poetae
489 745 529 779 et
563 735 777 788 historici,
819 734 943 779 occisi
977 748 999 778 a
1040 735 1224 791 Caligula
1241 768 1256 790 ,
1294 747 1509 792 postquam
1545 739 1614 781 'de-

311 810 400 867 cem
440 835 569 866 annos
606 821 846 864 Germaniae
882 821 1112 875 praefuerat
1150 823 1301 876 (18);
1344 833 1432 866 tum
1469 824 1612 866 Aebu·
1687 883 1690 885 q

310 907 415 953 tium
448 907 706 961 Liberalem,
749 907 800 951 ad
836 920 957 961 quem
998 887 1090 951 libri
1119 906 1171 951 de
1213 906 1426 962 Beneficiis
1465 908 1605 963 scripti

314 1003 442 1048 sunt,
484 999 741 1038 commmem
788 1003 828 1036 et
869 993 1110 1037 Senecae
1155 1003 1195 1036 et
1240 993 1389 1037 Lucilii
1434 994 1609 1038 amicum

314 1080 443 1126 fuisse
491 1080 693 1135 significat
733 1079 880 1138 Epist.
911 1093 961 1134 91
1008 1082 1112 1124 init.
1171 1110 1198 1132 „
1228 1080 1426 1138 Liberalis
1468 1092 1612 1124 noster

315 1198 343 1224 ,‚
371 1180 480 1212 nunc
513 1167 639 1212 tristis
685 1177 775 1222 est,
817 1166 1001 1212 nuntiato
1044 1162 1264 1221 incendio,
1309 1180 1396 1223 quo
1432 1168 1606 1225 Lugdu·

309 1284 337 1309 „
368 1257 503 1298 nensis
551 1254 712 1296 colonia
755 1262 897 1297 exusta
937 1253 1047 1296 est.”
1103 1253 1291 1307 Inprimis
1329 1263 1464 1296 autem
1506 1266 1600 1296 eum

301 1340 508 1386 Seneca
547 1338 814 1384 familiaritate
840 1339 996 1393 coluit,
1038 1339 1282 1394 maximique
1315 1338 1442 1394 fecit3
1487 1340 1602 1394 quod

300 1426 477 1471 indicant
508 1425 702 1481 epistolae
722 1456 738 1479 ,
779 1424 822 1468 in
856 1424 1011 1480 quibus
1059 1436 1145 1469 non
1200 1426 1323 1469 modo
1369 1424 1606 1481 frequenter

302 1527 398 1558 eum
435 1514 489 1555 ita
519 1512 761 1566 compellat:
800 1542 827 1563 „
856 1511 990 1554 Lucili
1025 1513 1203 1556 virorum
1244 1512 1424 1566 optime,
1467 1512 1603 1555 Lucili

618 1598 647 1618 Β)

309 1631 337 1655 „
367 1598 602 1651 carlssime‚
699 1599 772 1642 sed
821 1597 1095 1647 saluberrimis
1139 1598 1366 1652 praeceptis
1416 1599 1603 1651 instruit,

303 1696 427 1740 atque
468 1686 518 1728 de
546 1683 665 1728 variis
701 1684 825 1726 rebus
850 1684 1080 1727 consulenti
1112 1684 1169 1727 sic
1198 1684 1412 1738 rescribit,
1442 1695 1488 1729 ut
1514 1697 1600 1728 non
1661 1744 1672 1751 ε

304 1771 553 1824 rescribere,
582 1771 655 1813 sed
692 1781 897 1824 tamquam
934 1771 1134 1825 praesenti
1169 1772 1414 1825 respondere
1436 1771 1512 1814 sibi
1538 1771 1596 1813 vi-

302 1859 466 1902 deretur
502 1854 644 1913 (19).
704 1856 892 1900 Lucilius
925 1866 1090 1910 autem,
1118 1857 1190 1910 qui
1226 1888 1252 1910 ‚‚
1276 1858 1435 1903 calcatis
1467 1871 1601 1912 popu·

1490 1975 1516 1998 „
1546 1943 1600 1986 la-

349 2037 469 2092 (17)
505 2040 629 2089 Epist.
659 2048 727 2087 79.
757 2043 850 2079 init.
881 2039 981 2078 Nat.
1014 2041 1174 2092 Quaest.
1207 2041 1253 2080 L.
1284 2052 1322 2087 3.
1353 2054 1384 2080 c.
1419 2054 1451 2080 ι.
1484 2055 1515 2082 c.
1545 2046 1606 2082 26.

296 2110 327 2158 ς.
357 2116 397 2157 5.
427 2106 494 2145 ubi
526 2105 605 2146 vid.
639 2105 806 2146 Ruhk.

345 2172 461 2220 (18)
497 2170 599 2209 Nat.
632 2171 790 2221 Qgtaest.
823 2171 850 2211 Ι.
878 2183 916 2219 4.
940 2170 1074 2220 praef.
1104 2177 1142 2222 §.
1174 2180 1234 2220 ¹3.
1271 2171 1404 2221 ibique
1426 2171 1594 2210 Ruhk.

348 2237 465 2286 (19)
498 2233 625 2286 Epist.
657 2238 719 2280 67·
751 2235 789 2286 §.
820 2247 857 2276 ο.
894 2235 960 2274 Cf.
981 2234 1108 2285 Epist.
1138 2246 1205 2284 71·
1237 2239 1269 2284 ς.
1295 2246 1337 2275 1:
1376 2261 1410 2285 ,.
1434 2234 1607 2275 Subinde

294 2329 326 2352 „
354 2312 416 2340 me
448 2302 496 2340 de
528 2302 641 2340 rebus
672 2300 834 2349 singulis
856 2301 1054 2346 consulis,
1093 2300 1238 2339 oblitus
1279 2311 1389 2340 vasto
1422 2311 1494 2338 nos
1529 2311 1605 2337 ma·

295 2394 327 2416 „
351 2367 383 2405 ri
424 2365 570 2413 dividi,
614 2377 732 2416 quum
766 2376 899 2415 magna
930 2376 1015 2416 pars
1050 2366 1206 2405 consilii
1241 2366 1291 2406 sit
1319 2368 1357 2405 in
1402 2375 1601 2415 tempore,

291 2460 324 2481 „
349 2442 509 2471 necesse
540 2441 598 2471 est
629 2432 816 2479 evenire,
863 2441 906 2470 ut
941 2431 990 2470 de
1024 2432 1254 2481 quibusdam
1287 2433 1399 2472 rebus
1432 2442 1525 2471 tune
1556 2431 1603 2470 ad

289 2524 321 2545 ,‚
348 2504 387 2534 te
425 2497 635 2545 perferatur
664 2496 852 2536 sententia
884 2506 991 2545 mea,
1036 2507 1155 2547 quum
1182 2499 1256 2548 jam
1297 2498 1485 2538 contraria
1520 2509 1594 2548 po·

288 2588 320 2610 „
346 2560 424 2599 tior
465 2559 563 2600 est.”
