1970 3267
844 188 1013 232 Ξ
1519 200 1574 245 39

346 321 553 372 continere
589 316 632 361 in
670 316 814 364 umbra
842 315 1016 372 volunt3
1058 327 1267 372 nunquam
1301 317 1428 373 flere,
1469 328 1576 362 nun-

344 417 472 466 quam.
498 403 646 450 tristari
659 435 674 455 ‚
712 413 922 458 nunquam
968 403 1166 450 laborare.
1233 404 1410 451 Patrium
1450 402 1576 449 habet

286 507 317 546 4
343 492 461 540 Deus
495 490 689 537 adversus
722 488 856 533 bonos
893 489 1003 533 viros
1046 489 1223 533 animum
1239 522 1254 544 ,
1291 501 1333 534 et
1362 492 1456 536 illos
1490 490 1578 536 for-

338 577 432 621 titer
460 587 595 623 amat:
624 585 694 630 et,
724 575 976 631 „Operibus
991 575 1048 630 ,”
1076 575 1212 629 inquit
1229 607 1245 629 ‚
1279 607 1307 628 ,‚
1335 574 1577 630 doloribus,

347 675 434 718 „ac
456 661 613 711 damnis
638 661 891 720 exagitentur
906 693 921 717 ,
939 671 985 708 ut
1007 672 1150 708 verum
1179 660 1374 718 colligant
1397 659 1578 707 robur!”

347 749 565 805 Languent
591 761 664 803 per
698 749 878 798 inertiam
914 747 1092 804 saginam
1109 779 1126 801 ‚
1181 759 1256 791 nec
1305 748 1446 794 labore
1491 757 1581 791 tan-

348 845 461 892 tum,
500 836 573 881 sed
602 847 747 891 motu,
773 846 814 880 et
846 836 940 891 ipso
975 834 1041 879 sui
1066 847 1189 879 onere
1225 835 1436 880 deficiunt.
1478 835 1581 879 Non

1499 920 1580 964 fert

342 1073 528 1114 Tristari.
573 1074 805 1125 exquisitius
840 1078 964 1126 {quam
994 1078 1244 1121 contristari,
1278 1073 1386 1124 quod
1427 1084 1594 1125 uterque

288 1139 380 1177 cod.
416 1139 551 1184 habet,
587 1151 625 1178 et
656 1142 746 1180 latet
776 1142 814 1179 in
850 1143 944 1180 Am.
976 1144 1205 1180 contrictan'
1268 1139 1368 1179 lund
1399 1149 1483 1179 raro
1504 1140 1590 1190 qui·

289 1203 397 1249 dem,
438 1205 507 1242 sed
538 1215 661 1243 temen
692 1206 862 1244 occurrit
899 1206 1010 1244 etium
1042 1205 1091 1243 de
1121 1205 1191 1244 Ira
1228 1206 1293 1250 11,
1320 1218 1360 1252 7·

342 1283 379 1316 4.
432 1271 626 1310 Patrium.
678 1270 789 1309 Febr.
821 1272 998 1309 Parrum.
1053 1273 1168 1307 Voss.
1203 1269 1444 1318 sequentium
1477 1269 1589 1308 etiam

291 1334 428 1378 ordine
460 1344 605 1373 mutato
641 1335 852 1375 Paternum
886 1335 988 1371 Deus
1021 1332 1165 1380 habet3
1205 1335 1341 1373 melius
1371 1345 1493 1373 autem
1529 1335 1592 1372 vi-

289 1399 401 1438 detur
433 1399 473 1439 h.
508 1402 534 1438 1.
560 1400 765 1448 patrtum,
798 1398 980 1447 quoniam
1012 1398 1063 1436 ite
1100 1399 1242 1438 dicitur
1276 1401 1338 1449 id„
1385 1401 1494 1450 quod
1524 1409 1592 1448 pn-

295 1465 415 1502 tribus
455 1465 632 1503 universe
669 1468 879 1510 convenit,
925 1474 969 1502 ut
1010 1466 1159 1503 animus
1187 1468 1368 1513 patrius‚·
1400 1473 1591 1516 paternus

293 1530 424 1577 potius
456 1531 501 1566 nd
533 1528 629 1567 certi
651 1529 848 1578 cuiusdam
870 1528 1037 1567 hominis
1060 1538 1203 1577 patrem
1235 1539 1408 1578 spectat,
1442 1540 1486 1567 ut
1508 1540 1593 1576 reg-

293 1606 383 1632 num
406 1603 629 1644 paternum.

344 1659 488 1707 Inquit.
526 1660 640 1697 voss,
673 1661 851 1707 inquam,
888 1658 1032 1696 sublata
1074 1660 1377 1708 prosopopoeia.
1414 1656 1597 1700 Similiter

302 1736 394 1766 mox
427 1724 520 1763 Arn.
550 1725 666 1761 habet
697 1728 875 1774 exagitat
908 1733 979 1771 pro
1014 1725 1257 1772 exagitatur.

347 1792 420 1829 Ac.
462 1791 500 1827 in
530 1787 679 1828 Fabric.
710 1787 841 1830 deest,
868 1790 982 1823 Voss.
1002 1794 1058 1823 et.

345 1855 473 1894 Motu.
495 1858 552 1892 Itu
566 1853 757 1892 Mstorum
771 1850 1002 1891 auctoritate
1024 1849 1148 1889 Gron.
1166 1859 1203 1888 et
1217 1850 1486 1892 Ruhkmnte·
1509 1853 1595 1899 lege

291 1924 403 1962 batur
424 1920 539 1965 mole,
559 1917 667 1969 quod
689 1918 741 1956 its
763 1916 865 1955 forte
876 1913 1031 1953 defendi
1056 1924 1211 1964 posset,
1225 1915 1255 1953 si
1278 1916 1449 1955 dicamus
1469 1919 1596 1955 Hora·

292 1990 436 2029 tianum
469 1984 564 2024 iliud
590 1983 702 2031 „Vis
726 1979 865 2020 consili
891 1989 1028 2029 expers
1050 1980 1152 2018 mole
1183 1980 1259 2018 ruit
1292 1980 1383 2019 sua⁹⁹
1418 1980 1587 2019 senecae

294 2056 334 2094 in
366 2054 494 2092 animo
525 2050 669 2094 suisse3
707 2057 822 2097 quem
863 2047 1018 2094 poetam
1051 2051 1162 2084 etiam
1196 2046 1274 2085 hoc
1306 2046 1408 2084 libro
1443 2045 1595 2094 saepius

294 2118 509 2168 expressit:
538 2128 576 2155 v,
591 2125 625 2153 c.
645 2123 737 2151 mox
758 2112 810 2160 (ς
833 2108 929 2161 6)”
942 2113 1048 2148 inter
1071 2112 1206 2148 ruinas
1222 2111 1396 2159 publicas
1417 2117 1561 2148 rectum
1571 2107 1597 2125 '⁹

293 2183 487 2231 cogitasse
507 2179 660 2217 videtur
678 2176 822 2224 iustum
847 2184 892 2212 ac
912 2182 1084 2212 tenacem
1107 2175 1384 2223 virum,quem
1417 2201 1448 2221 ‚‚
1461 2176 1491 2212 si
1505 2174 1602 2213 frac-

295 2276 326 2296 „
347 2259 408 2287 tus
441 2246 616 2285 illabatur
649 2241 784 2287 orbis,
813 2238 1052 2288 Impnvidum
1086 2238 1225 2277 ferient
1257 2237 1427 2277 ruinae.''
1481 2238 1602 2277 Paulo

292 2323 385 2364 post
413 2311 552 2351 nobiles
579 2308 664 2347 edet
690 2314 823 2360 operas
855 2313 1038 2354 expressa
1062 2303 1164 2341 forte
1201 2303 1277 2341 sint
1305 2314 1358 2343 ex
1394 2302 1603 2345 Horatiano

295 2404 325 2426 ,‚
352 2376 515 2417 Catonis
545 2374 676 2412 nobile
701 2369 854 2411 letum''
877 2377 919 2407 ut
941 2367 1005 2404 hic
1039 2368 1152 2405 locus
1171 2367 1331 2417 Bentleii
1365 2364 1601 2404 e'mendntio-

297 2442 336 2479 ni
360 2450 496 2487 „anne
527 2436 674 2477 Curti”
706 2434 855 2485 opponi
871 2432 1024 2482 {possin
1053 2451 1097 2459 -
1126 2434 1299 2479 Uterque
1337 2432 1451 2471 Leid.
1490 2432 1604 2471 habet

292 2513 422 2543 motu.-
468 2504 629 2543 librariis
680 2511 807 2542 autem
851 2498 1029 2550 proclive
1060 2496 1176 2536 fuerit
1220 2497 1295 2535 hoc
1329 2497 1497 2537 scribere
1530 2507 1602 2547 pro

294 2567 512 2610 difficiliore
549 2569 656 2608 mole.

1521 2639 1602 2677 Du·
