1970 3267
402 182 460 229 66
988 190 1157 232 =

455 318 598 364 terreri
643 327 709 360 me
743 323 864 372 putas
883 346 899 369 ,
941 314 1117 361 incitor:
1169 315 1270 359 libet
1315 314 1396 360 illic
1444 323 1550 360 stare
1566 347 1581 370 ‚
1626 316 1699 362 ubi

455 406 544 462 ipse
581 404 645 448 sol
680 402 870 459 trepidat.
915 401 1082 446 humilis
1118 413 1159 446 et
1199 401 1335 448 inertis
1364 412 1454 458 est,
1493 413 1582 447 tuta
1614 415 1705 447 sec·

447 490 551 535 tarit
596 503 669 546 per
703 491 781 532 alta
818 488 950 532 virtus
987 487 1034 532 it.

506 577 588 621 VI.
650 606 678 629 „
708 576 847 633 Quare
891 585 1026 619 tamen
1063 573 1185 619 bonis
1227 576 1324 620 viris
1359 575 1511 631 patitur
1548 575 1702 630 aliquid

452 695 482 719 „
510 663 605 708 mali
643 663 760 707 Deus
796 661 916 706 fieri?
934 660 961 682 ”
1002 660 1069 703 ille
1113 673 1214 705 vero
1251 674 1338 706 non
1370 663 1539 718 patitur.
1601 662 1706 705 Om-

452 751 520 795 nia
565 749 669 794 mala
706 748 758 792 ab
796 748 877 792 illis
914 748 1116 802 removit,
1159 748 1310 793 scelera
1349 759 1390 792 et
1432 748 1580 804 flagitia
1600 781 1614 802 ‚
1662 758 1703 792 et

449 834 719 892 cogitationes
753 833 992 890 improbas,
1034 844 1075 879 et
1104 834 1221 880 avida
1254 835 1453 889 consilia,
1503 846 1541 880 et
1573 835 1706 879 libidi-

449 933 545 965 nem
578 934 735 965 caecam
752 953 767 975 ,
808 931 849 963 et
885 922 1018 965 alieno
1057 921 1333 965 imminentem
1369 921 1598 965 avaritiam:
1640 921 1702 975 ip-

449 1021 524 1052 sos
574 1018 711 1052 tuetur
748 1022 794 1052 ac
841 1007 1035 1054 vindicat.
1094 1007 1313 1062 Numquid
1351 1008 1430 1051 hoc
1471 1021 1639 1062 quoque
1678 1021 1701 1051 a

453 1096 549 1139 Deo
583 1094 730 1148 aliquis
758 1094 909 1150 exigit,
941 1104 988 1138 ut
1022 1095 1227 1138 bonorum
1254 1092 1437 1137 virorum
1470 1084 1588 1137 etiam
1618 1107 1702 1139 sar·

449 1180 564 1223 cinas
609 1180 789 1222 servet?
841 1180 1056 1223 remittunt
1103 1179 1184 1233 ipsi
1240 1179 1343 1222 hanc
1391 1180 1483 1222 Deo
1529 1192 1695 1223 curam:

446 1275 610 1309 externa
643 1275 934 1309 contemnunt.
992 1265 1259 1309 Democritus
1301 1265 1461 1309 divitias
1497 1265 1699 1322 projecit,

444 1364 554 1397 onus
584 1351 671 1396 illas
707 1351 839 1396 bonae
878 1350 1029 1395 mentis
1054 1350 1314 1396 existimans:
1363 1351 1461 1406 quid
1497 1365 1595 1409 ergo
1624 1353 1701 1398 mi-

444 1438 578 1493 raris,
619 1438 654 1482 si
688 1438 731 1482 id
768 1439 885 1483 Deus
914 1438 1028 1483 bono
1065 1437 1245 1482 accidere
1273 1437 1455 1492 patitur,
1496 1439 1609 1493 quod
1636 1439 1696 1484 vir

386 1540 416 1572 2
432 1525 581 1570 bonus
618 1526 837 1578 aliquando
869 1526 959 1568 vult
994 1524 1071 1566 sibi
1102 1524 1312 1567 accidere?
1356 1554 1384 1577 ,‚
1412 1525 1539 1568 Filios
1573 1526 1693 1568 amit-

448 1641 478 1665 „
506 1620 602 1655 tunt
652 1609 730 1653 viri
785 1609 903 1653 boni.
916 1608 944 1627 ’'
1007 1608 1179 1663 quidni,
1237 1622 1331 1653 cum
1392 1610 1610 1664 aliquando
1656 1622 1696 1654 et

447 1696 529 1751 ipsi
566 1694 789 1738 occidant?
837 1724 864 1747 „
895 1695 941 1736 ln
978 1693 1161 1737 exsilium
1198 1694 1432 1739 mittuntur.
1446 1695 1473 1713 ''
1521 1696 1693 1750 quidni,

1601 1798 1697 1828 cum

384 1865 462 1897 tem
495 1854 614 1894 saciat
646 1850 762 1901 Finge
782 1848 889 1889 datos
920 1862 1074 1897 curros,
1115 1851 1178 1890 ilia
1208 1850 1242 1890 I.
1269 1850 1307 1890 d.
1334 1865 1367 1893 c.
1420 1852 1569 1893 Mutet.
1606 1857 1707 1893 omi-

384 1923 452 1965 sit.
499 1920 576 1961 Sed
607 1927 715 1958 recte
744 1917 955 1957 observare
984 1917 1141 1957 videtur
1184 1917 1297 1967 Lips.
1335 1918 1498 1958 liberum
1533 1919 1704 1961 Senecae

384 1987 535 2032 fuisse,
563 1995 607 2024 en
639 1984 780 2022 leviter
813 1982 1041 2023 Immuzare.
1067 1992 1112 2021 ut
1144 1983 1347 2022 Phaetonti
1385 1987 1652 2025 convenirent.

435 2052 605 2091 sectari.
657 2048 885 2096 Elegantem
907 2048 1023 2087 habet
1054 2052 1148 2088 Arn.
1172 2049 1388 2089 lect10nem
1424 2061 1576 2096 secare,
1604 2061 1704 2100 quae

382 2116 468 2155 fere
488 2114 612 2154 videri
634 2112 759 2162 possit
782 2113 821 2151 in
858 2121 1010 2153 textum
1033 2122 1118 2152 esse
1141 2112 1379 2162 recipienda.
1430 2114 1505 2154 Sed
1541 2116 1704 2155 fortusse

381 2182 425 2228 in
446 2181 523 2221 illis
544 2188 630 2220 tuto
654 2182 800 2219 sectari
819 2183 1011 2229 expressit
1043 2179 1188 2218 Horat.
1199 2182 1250 2218 A.
1263 2181 1311 2220 P.
1332 2183 1396 2221 26.
1423 2180 1527 2218 lem'a
1548 2183 1704 2220 sectari·

824 2244 857 2287 C
887 2245 923 2284 A
951 2244 980 2284 P
1008 2244 1045 2283 U
1073 2244 1109 2283 T
1185 2248 1268 2285 vl.

429 2314 621 2351 Removit.
641 2310 753 2349 Fabr.
773 2318 967 2356 removet,
994 2309 1101 2358 quod
1123 2320 1248 2349 ortum
1270 2311 1424 2351 videtur
1447 2323 1469 2352 e
1493 2323 1577 2362 sqq.
1602 2319 1704 2352 tueri

375 2391 427 2425 ae
453 2377 561 2419 vind.
612 2376 691 2416 Hic
724 2384 849 2415 tamen
880 2374 983 2424 perf.
1014 2374 1157 2413 malim.

431 2444 552 2487 Bono.
589 2446 682 2485 Non
707 2452 807 2492 opus
829 2440 984 2480 videtur
1005 2440 1146 2479 addere
1167 2442 1252 2480 viro
1274 2451 1362 2481 cum
1382 2442 1492 2484 Fabr.
1516 2442 1582 2490 qui
1607 2452 1700 2481 mox

380 2509 530 2550 omittit
560 2510 658 2547 viri.

432 2586 471 2616 α.
500 2573 553 2615 Et
575 2574 661 2624 ipsi.
692 2570 832 2614 desunt
864 2570 966 2620 apud
999 2569 1095 2611 Aru.

429 2637 493 2682 In.
541 2638 641 2676 Huic
668 2637 760 2676 voci
794 2636 905 2679 Fabr.
929 2638 1106 2690 praefigit
1140 2648 1178 2680 et
1207 2647 1340 2682 contra
1367 2638 1534 2680 Senecae
1568 2637 1701 2678 in-his

380 2702 717 2757 consuetudinem.
1659 2704 1703 2742 St·
