1970 3267
329 413 341 425 ·
387 364 549 409 ratem,
579 353 769 399 habuisse
793 357 1008 400 neminem.
1068 355 1126 402 Et
1152 354 1341 413 profecto
1363 354 1489 400 libros
1522 355 1610 412 eJus
1634 353 1669 398 si

390 438 646 492 evolvimus,
677 440 789 494 pleni
822 440 976 494 ubique
1002 451 1100 484 sunt
1128 442 1337 486 sententiis
1359 440 1668 496 pulcherrimis,

384 527 658 581 sublimibus,
688 528 836 573 mirum
865 530 1143 576 redolentibus
1183 529 1344 576 virtutis
1382 542 1429 573 ac
1451 526 1667 584 sapientiae

385 613 586 660 studium.
644 614 779 674 Quam
817 616 976 673 egregia
1009 628 1134 671 sunt,
1164 630 1268 671 quae
1303 616 1354 659 de
1385 614 1476 658 Diis
1501 612 1665 657 scribit!

384 733 417 761 ‚,
444 703 572 757 Dii,”
620 703 782 757 inquit,
824 733 852 755 ‚,
879 704 1060 746 omnium
1106 717 1240 747 rerum
1278 702 1423 757 optimi
1451 712 1666 745 auctores:

384 820 415 844 ,‚
444 789 516 844 qui
557 788 749 832 beneficia
783 784 1065 845 ignorantibus
1097 789 1190 832 dare
1233 787 1458 843 incipiunt,
1502 787 1668 843 ingratis

388 907 419 931 „
445 874 753 931 perseverant.”
792 873 844 917 de
880 873 1025 929 Benef.
1065 873 1100 917 l.
1133 885 1175 928 7.
1217 887 1254 915 c.
1290 885 1358 927 3¹·
1417 872 1464 915 ln
1500 886 1585 927 quo
1616 873 1667 916 li·

380 971 449 1006 cet
485 960 597 1005 Deos
625 968 850 1014 memoret,
879 959 965 1003 sive
1000 959 1113 1014 quod
1143 960 1301 1014 populo
1323 958 1505 1002 scribens
1529 971 1668 1013 popu-

380 1049 506 1093 larem
555 1046 790 1101 opinionem
841 1056 1106 1100 sequeretur,
1147 1046 1233 1090 sive
1262 1046 1377 1099 quod
1415 1046 1494 1089 soli
1528 1056 1567 1090 et
1602 1048 1667 1090 lu-

377 1147 456 1178 me
494 1134 723 1187 ceterisque
775 1133 974 1176 sideribus
1016 1132 1192 1175 divinam
1244 1131 1441 1175 tribueret
1481 1141 1662 1176 naturam

379 1221 507 1276 (α),
537 1232 561 1262 e
598 1219 739 1263 multis
773 1229 907 1261 tamen
946 1217 1050 1261 locis
1079 1229 1277 1273 apparet,
1307 1218 1499 1263 Senecam
1534 1232 1662 1264 unum

372 1307 508 1351 Deum
552 1304 700 1349 ceteris
738 1303 933 1347 omnibus
966 1304 1087 1360 longe
1122 1303 1373 1359 superiorem
1413 1305 1658 1364 agnovisse,

374 1424 404 1449 ,‚
429 1392 645 1438 custodem
679 1402 963 1445 rectoremque
994 1390 1203 1445 universi,
1247 1391 1425 1436 animum
1464 1405 1510 1434 ac
1540 1392 1662 1446 spiri·

368 1510 399 1532 ,.
425 1488 545 1532 tum,
599 1479 796 1523 mundani
825 1459 971 1534 *liujus
1014 1481 1152 1534 operis
1191 1478 1403 1524 dominum
1443 1490 1483 1523 et
1537 1479 1660 1525 artifi-

371 1598 403 1622 ,‚
426 1577 515 1609 cem
530 1564 578 1618 ‚‘’
619 1573 667 1607 ut
704 1564 846 1608 scribit
883 1564 999 1611 Nat.
1028 1562 1211 1622 Quaest.
1240 1565 1275 1611 l.
1306 1580 1347 1608 2.
1388 1580 1429 1611 c.
1459 1575 1532 1620 45.
1589 1566 1659 1619 Is,

368 1660 418 1696 ut
446 1650 503 1694 ait
536 1648 643 1693 iheu.
674 1649 708 1693 Ι.
744 1663 784 1694 1.
816 1650 969 1705 Pracf.
1000 1651 1044 1704 §.
1078 1662 1160 1705 13,
1203 1680 1232 1703 „
1260 1658 1375 1692 totus
1408 1649 1511 1692 ratio
1547 1651 1658 1694 est.'’

366 1737 570 1782 Pmechre
615 1747 786 1789 quoque
834 1736 964 1778 sensit
1016 1735 1067 1778 de
1113 1747 1276 1778 summo
1314 1735 1453 1790 bono,
1495 1750 1578 1781 non
1613 1740 1655 1782 in

364 1825 490 1871 rebus
537 1824 715 1868 eXternis
765 1823 947 1878 positum
1002 1821 1044 1867 id
1076 1823 1292 1880 judicans,
1334 1826 1407 1869 sed
1440 1824 1481 1868 in
1519 1825 1654 1870 animo

362 1919 535 1963 sancto,
565 1908 664 1963 pio,
695 1908 821 1963 forti,
850 1920 927 1951 nec
960 1907 1148 1952 fortunae
1183 1910 1288 1962 tela,
1317 1921 1392 1952 nec
1418 1912 1564 1955 morus
1586 1914 1656 1955 ad·
1683 1890 1690 1898 .

348 2007 533 2041 ,ventum
582 1996 860 2040 reformidanti
905 1998 1026 2052 (3).
1083 1995 1237 2039 Mortis
1279 1996 1384 2040 enim
1429 1998 1656 2042 meditatio-

1563 2095 1658 2129 nem

408 2210 500 2263 (α)
528 2210 741 2260 Colligitur
770 2210 849 2248 boc
882 2220 906 2247 e
937 2219 1019 2259 cap.
1050 2208 1169 2260 ejusd.
1203 2212 1243 2260 §.
1274 2222 1323 2257 2,
1362 2212 1429 2250 ubi
1461 2211 1558 2251 dicit
1590 2213 1660 2252 bo·

356 2276 479 2315 mines
517 2287 629 2321 esse,
673 2276 742 2323 qul
780 2277 903 2313 solem
936 2275 1093 2323 quidvis
1129 2276 1260 2323 potius
1292 2287 1402 2324 quam
1447 2278 1560 2315 deum
1593 2289 1659 2327 ap-

354 2344 567 2390 pellerent,
591 2341 793 2380 nddsibid.
824 2342 855 2378 l.
887 2344 925 2378 6.
957 2354 990 2378 c.
1024 2354 1088 2388 23.
1123 2351 1160 2378 et
1184 2342 1309 2389 Epist.
1340 2355 1402 2390 73.
1424 2346 1456 2391 ς.
1480 2347 1517 2382 6.
1545 2343 1656 2381 Simi-

355 2406 447 2445 liter
477 2407 628 2445 Plato
648 2407 687 2444 in
718 2405 963 2455 EpinomidQ
995 2414 1038 2454 p.
1073 2418 1161 2454 490·
1182 2417 1341 2455 propter
1359 2409 1655 2456 pulcherrimum

350 2474 547 2510 stellarum
575 2481 731 2509 cursum
764 2469 942 2507 animatas
974 2480 1036 2507 eas
1071 2480 1155 2507 esse
1187 2480 1383 2512 statuerat.
1436 2473 1498 2513 cf.
1529 2473 1657 2512 cicero

347 2536 400 2581 de
425 2535 530 2575 Nat-
560 2536 677 2574 Deor.
714 2538 757 2573 L.
791 2547 826 2574 ε,
862 2548 892 2572 c.
927 2545 998 2581 ις,
1032 2538 1092 2575 16.

404 2599 499 2653 (3)
523 2602 612 2640 Vid.
643 2599 818 2650 inprimis
848 2598 978 2649 Epist.
1011 2609 1087 2647 31,
1114 2608 1186 2649 41q
1216 2612 1301 2648 ¹¹5·
1358 2642 1361 2646 ,
