<?xml version="1.0" encoding="UTF-8"?>
<!DOCTYPE html PUBLIC "-//W3C//DTD XHTML 1.0 Transitional//EN"
    "http://www.w3.org/TR/xhtml1/DTD/xhtml1-transitional.dtd">
<html xmlns="http://www.w3.org/1999/xhtml" xml:lang="en" lang="en">
 <head>
  <title>
</title>
<meta http-equiv="Content-Type" content="text/html;charset=utf-8" />
  <meta name='ocr-system' content='tesseract 3.04.00' />
  <meta name='ocr-capabilities' content='ocr_page ocr_carea ocr_par ocr_line ocrx_word'/>
</head>
<body>
  <div class='ocr_page' id='page_1' title='image "4738098_0059.png"; bbox 0 0 1970 3267; ppageno 0'>
   <div class='ocr_carea' id='block_1_1' title="bbox 863 136 1596 192">
    <p class='ocr_par' dir='ltr' id='par_1_1' title="bbox 863 136 1596 192">
     <span class='ocr_line' id='line_1_1' title="bbox 863 136 1596 192; baseline -0.001 -14"><span class='ocrx_word' id='word_1_1' title='bbox 863 136 1029 178; x_wconf 57' lang='grc' dir='ltr'>Ε</span> <span class='ocrx_word' id='word_1_2' title='bbox 1539 145 1596 192; x_wconf 82' lang='lat'><strong>49</strong></span> 
     </span>
    </p>
   </div>
   <div class='ocr_carea' id='block_1_2' title="bbox 306 259 1601 1350">
    <p class='ocr_par' dir='ltr' id='par_1_2' title="bbox 306 259 1601 1350">
     <span class='ocr_line' id='line_1_2' title="bbox 355 259 1581 326; baseline -0.007 -11"><span class='ocrx_word' id='word_1_3' title='bbox 355 267 489 326; x_wconf 67' lang='lat' dir='ltr'><strong>capim</strong></span> <span class='ocrx_word' id='word_1_4' title='bbox 517 264 594 311; x_wconf 86' lang='lat' dir='ltr'>sibi</span> <span class='ocrx_word' id='word_1_5' title='bbox 632 260 906 308; x_wconf 77' lang='lat' dir='ltr'><strong>consularium</strong></span> <span class='ocrx_word' id='word_1_6' title='bbox 956 259 1134 306; x_wconf 78' lang='lat' dir='ltr'><strong>virorum</strong></span> <span class='ocrx_word' id='word_1_7' title='bbox 1181 260 1348 321; x_wconf 51' lang='lat' dir='ltr'><strong>patitur,</strong></span> <span class='ocrx_word' id='word_1_8' title='bbox 1375 263 1581 319; x_wconf 80' lang='lat' dir='ltr'><strong>appendi,</strong></span> 
     </span>
     <span class='ocr_line' id='line_1_3' title="bbox 354 346 1586 409; baseline -0.002 -13"><span class='ocrx_word' id='word_1_9' title='bbox 354 366 400 401; x_wconf 85' lang='lat' dir='ltr'><strong>et</strong></span> <span class='ocrx_word' id='word_1_10' title='bbox 440 349 614 409; x_wconf 86' lang='lat' dir='ltr'><strong>pretium</strong></span> <span class='ocrx_word' id='word_1_11' title='bbox 650 346 784 392; x_wconf 88' lang='lat' dir='ltr'><strong>caedis</strong></span> <span class='ocrx_word' id='word_1_12' title='bbox 829 358 904 401; x_wconf 88' lang='lat' dir='ltr'><strong>per</strong></span> <span class='ocrx_word' id='word_1_13' title='bbox 930 354 1182 401; x_wconf 71' lang='lat' dir='ltr'><strong>quaestorem</strong></span> <span class='ocrx_word' id='word_1_14' title='bbox 1214 359 1261 391; x_wconf 91' lang='lat' dir='ltr'><strong>ac</strong></span> <span class='ocrx_word' id='word_1_15' title='bbox 1309 347 1467 393; x_wconf 87' lang='lat' dir='ltr'><strong>tabulas</strong></span> <span class='ocrx_word' id='word_1_16' title='bbox 1507 361 1586 405; x_wconf 86' lang='lat' dir='ltr'><strong>pu-</strong></span> 
     </span>
     <span class='ocr_line' id='line_1_4' title="bbox 360 432 1591 491; baseline -0.003 -8"><span class='ocrx_word' id='word_1_17' title='bbox 360 441 486 484; x_wconf 86' lang='lat' dir='ltr'><strong>blicas</strong></span> <span class='ocrx_word' id='word_1_18' title='bbox 516 434 732 481; x_wconf 77' lang='lat' dir='ltr'><strong>numerat?</strong></span> <span class='ocrx_word' id='word_1_19' title='bbox 771 443 812 476; x_wconf 90' lang='lat' dir='ltr'><strong>et</strong></span> <span class='ocrx_word' id='word_1_20' title='bbox 857 433 952 476; x_wconf 86' lang='lat' dir='ltr'><strong>haec</strong></span> <span class='ocrx_word' id='word_1_21' title='bbox 980 434 1113 478; x_wconf 90' lang='lat' dir='ltr'><strong>omnia</strong></span> <span class='ocrx_word' id='word_1_22' title='bbox 1151 432 1248 477; x_wconf 90' lang='lat' dir='ltr'><strong>facit</strong></span> <span class='ocrx_word' id='word_1_23' title='bbox 1285 433 1380 488; x_wconf 88' lang='lat' dir='ltr'><strong>ille,</strong></span> <span class='ocrx_word' id='word_1_24' title='bbox 1422 436 1493 491; x_wconf 90' lang='lat' dir='ltr'><strong>qui</strong></span> <span class='ocrx_word' id='word_1_25' title='bbox 1530 437 1591 479; x_wconf 91' lang='lat' dir='ltr'><strong>le·</strong></span> 
     </span>
     <span class='ocr_line' id='line_1_5' title="bbox 330 519 1586 580; baseline -0.002 -13"><span class='ocrx_word' id='word_1_26' title='bbox 330 547 332 549; x_wconf 95' lang='lat'>-</span> <span class='ocrx_word' id='word_1_27' title='bbox 360 536 451 580; x_wconf 88' lang='lat' dir='ltr'><strong>gem</strong></span> <span class='ocrx_word' id='word_1_28' title='bbox 489 521 719 567; x_wconf 85' lang='lat' dir='ltr'><strong>Corneliam</strong></span> <span class='ocrx_word' id='word_1_29' title='bbox 751 519 866 564; x_wconf 83' lang='lat' dir='ltr'><strong>tulit!</strong></span> <span class='ocrx_word' id='word_1_30' title='bbox 898 519 1119 564; x_wconf 81' lang='lat' dir='ltr'><strong>Veniamus</strong></span> <span class='ocrx_word' id='word_1_31' title='bbox 1147 522 1198 564; x_wconf 92' lang='lat' dir='ltr'><strong>ad</strong></span> <span class='ocrx_word' id='word_1_32' title='bbox 1224 519 1452 576; x_wconf 84' lang='lat' dir='ltr'><strong>Regulum!</strong></span> <span class='ocrx_word' id='word_1_33' title='bbox 1484 521 1586 576; x_wconf 89' lang='lat' dir='ltr'><strong>quid</strong></span> 
     </span>
     <span class='ocr_line' id='line_1_6' title="bbox 359 602 1586 661; baseline -0.002 -10"><span class='ocrx_word' id='word_1_34' title='bbox 359 607 420 651; x_wconf 81' lang='lat' dir='ltr'><strong>illi</strong></span> <span class='ocrx_word' id='word_1_35' title='bbox 449 606 613 651; x_wconf 87' lang='lat' dir='ltr'><strong>fortuna</strong></span> <span class='ocrx_word' id='word_1_36' title='bbox 648 605 816 661; x_wconf 86' lang='lat' dir='ltr'><strong>nocuit,</strong></span> <span class='ocrx_word' id='word_1_37' title='bbox 845 604 965 660; x_wconf 88' lang='lat' dir='ltr'><strong>quod.</strong></span> <span class='ocrx_word' id='word_1_38' title='bbox 991 603 1107 647; x_wconf 89' lang='lat' dir='ltr'><strong>illum</strong></span> <span class='ocrx_word' id='word_1_39' title='bbox 1140 602 1429 648; x_wconf 87' lang='lat' dir='ltr'><strong>documentum</strong></span> <span class='ocrx_word' id='word_1_40' title='bbox 1457 604 1586 660; x_wconf 90' lang='lat' dir='ltr'><strong>fidei,</strong></span> 
     </span>
     <span class='ocr_line' id='line_1_7' title="bbox 360 692 1588 748; baseline -0.002 -11"><span class='ocrx_word' id='word_1_41' title='bbox 360 695 646 737; x_wconf 87' lang='lat' dir='ltr'><strong>documentum</strong></span> <span class='ocrx_word' id='word_1_42' title='bbox 685 693 893 748; x_wconf 83' lang='lat' dir='ltr'><strong>patientiae</strong></span> <span class='ocrx_word' id='word_1_43' title='bbox 920 693 1047 736; x_wconf 72' lang='lat' dir='ltr'><strong>fecit?</strong></span> <span class='ocrx_word' id='word_1_44' title='bbox 1105 692 1258 747; x_wconf 89' lang='lat' dir='ltr'><strong>Figunt</strong></span> <span class='ocrx_word' id='word_1_45' title='bbox 1289 700 1423 736; x_wconf 87' lang='lat' dir='ltr'><strong>cutem</strong></span> <span class='ocrx_word' id='word_1_46' title='bbox 1455 692 1588 747; x_wconf 78' lang='lat' dir='ltr'><strong>clavi,</strong></span> 
     </span>
     <span class='ocr_line' id='line_1_8' title="bbox 362 777 1593 835; baseline -0.001 -11"><span class='ocrx_word' id='word_1_47' title='bbox 362 789 406 824; x_wconf 89' lang='lat' dir='ltr'><strong>et</strong></span> <span class='ocrx_word' id='word_1_48' title='bbox 428 792 674 835; x_wconf 89' lang='lat' dir='ltr'><strong>quocunque</strong></span> <span class='ocrx_word' id='word_1_49' title='bbox 704 778 913 835; x_wconf 88' lang='lat' dir='ltr'><strong>fatigatum</strong></span> <span class='ocrx_word' id='word_1_50' title='bbox 952 792 1102 834; x_wconf 89' lang='lat' dir='ltr'><strong>corpus</strong></span> <span class='ocrx_word' id='word_1_51' title='bbox 1146 777 1381 833; x_wconf 81' lang='lat' dir='ltr'><strong>reclinavit,</strong></span> <span class='ocrx_word' id='word_1_52' title='bbox 1434 779 1593 824; x_wconf 86' lang='lat' dir='ltr'><strong>vulneri</strong></span> 
     </span>
     <span class='ocr_line' id='line_1_9' title="bbox 363 863 1598 919; baseline 0.001 -11"><span class='ocrx_word' id='word_1_53' title='bbox 363 863 587 919; x_wconf 84' lang='lat' dir='ltr'><strong>incumbit,</strong></span> <span class='ocrx_word' id='word_1_54' title='bbox 616 865 658 908; x_wconf 86' lang='lat' dir='ltr'><strong>in</strong></span> <span class='ocrx_word' id='word_1_55' title='bbox 698 873 933 919; x_wconf 87' lang='lat' dir='ltr'><strong>perpetuam</strong></span> <span class='ocrx_word' id='word_1_56' title='bbox 969 864 1146 919; x_wconf 85' lang='lat' dir='ltr'><strong>vigiliam</strong></span> <span class='ocrx_word' id='word_1_57' title='bbox 1179 875 1379 918; x_wconf 81' lang='lat' dir='ltr'><strong>suspensa</strong></span> <span class='ocrx_word' id='word_1_58' title='bbox 1411 873 1509 907; x_wconf 91' lang='lat' dir='ltr'><strong>sunt</strong></span> <span class='ocrx_word' id='word_1_59' title='bbox 1530 865 1598 909; x_wconf 76' lang='lat' dir='ltr'><strong>lu-</strong></span> 
     </span>
     <span class='ocr_line' id='line_1_10' title="bbox 306 950 1599 1006; baseline 0.002 -15"><span class='ocrx_word' id='word_1_60' title='bbox 306 962 337 1004; x_wconf 80' lang='lat'>9</span> <span class='ocrx_word' id='word_1_61' title='bbox 364 951 485 992; x_wconf 85' lang='lat' dir='ltr'><strong>mina.</strong></span> <span class='ocrx_word' id='word_1_62' title='bbox 543 950 711 1006; x_wconf 84' lang='lat' dir='ltr'><strong>Quanto</strong></span> <span class='ocrx_word' id='word_1_63' title='bbox 749 951 845 1003; x_wconf 85' lang='lat' dir='ltr'><strong>plus</strong></span> <span class='ocrx_word' id='word_1_64' title='bbox 867 950 1087 1001; x_wconf 84' lang='lat' dir='ltr'><strong>tormenti,</strong></span> <span class='ocrx_word' id='word_1_65' title='bbox 1115 958 1231 992; x_wconf 87' lang='lat' dir='ltr'><strong>tanto</strong></span> <span class='ocrx_word' id='word_1_66' title='bbox 1265 952 1361 1003; x_wconf 90' lang='lat' dir='ltr'><strong>plus</strong></span> <span class='ocrx_word' id='word_1_67' title='bbox 1401 950 1478 993; x_wconf 88' lang='lat' dir='ltr'><strong>erit</strong></span> <span class='ocrx_word' id='word_1_68' title='bbox 1510 952 1599 1005; x_wconf 88' lang='lat' dir='ltr'><strong>glo-</strong></span> 
     </span>
     <span class='ocr_line' id='line_1_11' title="bbox 366 1033 1596 1090; baseline 0 -10"><span class='ocrx_word' id='word_1_69' title='bbox 366 1035 463 1080; x_wconf 86' lang='lat' dir='ltr'><strong>riae.</strong></span> <span class='ocrx_word' id='word_1_70' title='bbox 519 1034 596 1080; x_wconf 90' lang='lat' dir='ltr'><strong>Vis</strong></span> <span class='ocrx_word' id='word_1_71' title='bbox 640 1035 745 1081; x_wconf 90' lang='lat' dir='ltr'><strong>scire</strong></span> <span class='ocrx_word' id='word_1_72' title='bbox 759 1067 776 1090; x_wconf 96' lang='lat'><strong>,</strong></span> <span class='ocrx_word' id='word_1_73' title='bbox 817 1048 938 1090; x_wconf 86' lang='lat' dir='ltr'><strong>quam</strong></span> <span class='ocrx_word' id='word_1_74' title='bbox 996 1046 1082 1079; x_wconf 88' lang='lat' dir='ltr'><strong>non</strong></span> <span class='ocrx_word' id='word_1_75' title='bbox 1118 1033 1322 1090; x_wconf 89' lang='lat' dir='ltr'><strong>poeniteat</strong></span> <span class='ocrx_word' id='word_1_76' title='bbox 1356 1033 1436 1079; x_wconf 92' lang='lat' dir='ltr'><strong>hoc</strong></span> <span class='ocrx_word' id='word_1_77' title='bbox 1463 1033 1596 1090; x_wconf 88' lang='lat' dir='ltr'><strong>pretio</strong></span> 
     </span>
     <span class='ocr_line' id='line_1_12' title="bbox 367 1119 1596 1174; baseline -0.001 -9"><span class='ocrx_word' id='word_1_78' title='bbox 367 1121 600 1166; x_wconf 82' lang='lat' dir='ltr'><strong>aestimasse</strong></span> <span class='ocrx_word' id='word_1_79' title='bbox 637 1121 861 1166; x_wconf 74' lang='lat' dir='ltr'><strong>virtutem?</strong></span> <span class='ocrx_word' id='word_1_80' title='bbox 889 1119 1008 1164; x_wconf 84' lang='lat' dir='ltr'><strong>refice</strong></span> <span class='ocrx_word' id='word_1_81' title='bbox 1046 1130 1094 1164; x_wconf 94' lang='lat' dir='ltr'><strong>tu</strong></span> <span class='ocrx_word' id='word_1_82' title='bbox 1124 1120 1268 1174; x_wconf 86' lang='lat' dir='ltr'><strong>illum,</strong></span> <span class='ocrx_word' id='word_1_83' title='bbox 1318 1130 1360 1163; x_wconf 92' lang='lat' dir='ltr'><strong>et</strong></span> <span class='ocrx_word' id='word_1_84' title='bbox 1397 1120 1514 1163; x_wconf 88' lang='lat' dir='ltr'><strong>mitte</strong></span> <span class='ocrx_word' id='word_1_85' title='bbox 1552 1122 1596 1164; x_wconf 91' lang='lat' dir='ltr'><strong>in</strong></span> 
     </span>
     <span class='ocr_line' id='line_1_13' title="bbox 366 1208 1599 1264; baseline 0.001 -13"><span class='ocrx_word' id='word_1_86' title='bbox 366 1218 574 1252; x_wconf 84' lang='lat' dir='ltr'><strong>senatum:</strong></span> <span class='ocrx_word' id='word_1_87' title='bbox 606 1210 769 1251; x_wconf 86' lang='lat' dir='ltr'><strong>eandem</strong></span> <span class='ocrx_word' id='word_1_88' title='bbox 802 1208 1040 1252; x_wconf 88' lang='lat' dir='ltr'><strong>sententiam</strong></span> <span class='ocrx_word' id='word_1_89' title='bbox 1064 1208 1185 1251; x_wconf 88' lang='lat' dir='ltr'><strong>dicet.</strong></span> <span class='ocrx_word' id='word_1_90' title='bbox 1244 1208 1476 1252; x_wconf 81' lang='lat' dir='ltr'><strong>Feliciorem</strong></span> <span class='ocrx_word' id='word_1_91' title='bbox 1499 1221 1599 1264; x_wconf 88' lang='lat' dir='ltr'><strong>ergo</strong></span> 
     </span>
     <span class='ocr_line' id='line_1_14' title="bbox 366 1292 1601 1350; baseline -0.001 -11"><span class='ocrx_word' id='word_1_92' title='bbox 366 1304 414 1339; x_wconf 85' lang='lat' dir='ltr'><strong>tu</strong></span> <span class='ocrx_word' id='word_1_93' title='bbox 447 1294 722 1339; x_wconf 87' lang='lat' dir='ltr'><strong>Maecenatem</strong></span> <span class='ocrx_word' id='word_1_94' title='bbox 755 1303 877 1350; x_wconf 87' lang='lat' dir='ltr'><strong>putas</strong></span> <span class='ocrx_word' id='word_1_95' title='bbox 894 1324 909 1349; x_wconf 94' lang='lat'><strong>,</strong></span> <span class='ocrx_word' id='word_1_96' title='bbox 939 1292 1009 1339; x_wconf 90' lang='lat' dir='ltr'><strong>cui</strong></span> <span class='ocrx_word' id='word_1_97' title='bbox 1035 1292 1243 1339; x_wconf 86' lang='lat' dir='ltr'><strong>amoribus</strong></span> <span class='ocrx_word' id='word_1_98' title='bbox 1264 1292 1417 1349; x_wconf 86' lang='lat' dir='ltr'><strong>anxio,</strong></span> <span class='ocrx_word' id='word_1_99' title='bbox 1446 1302 1487 1338; x_wconf 90' lang='lat' dir='ltr'><strong>et</strong></span> <span class='ocrx_word' id='word_1_100' title='bbox 1511 1305 1601 1349; x_wconf 85' lang='lat' dir='ltr'><strong>mo-</strong></span> 
     </span>
    </p>
   </div>
   <div class='ocr_carea' id='block_1_3' title="bbox 1528 1394 1599 1425">
    <p class='ocr_par' dir='ltr' id='par_1_3' title="bbox 1528 1394 1599 1425">
     <span class='ocr_line' id='line_1_15' title="bbox 1528 1394 1599 1425; baseline 0 0"><span class='ocrx_word' id='word_1_101' title='bbox 1528 1394 1599 1425; x_wconf 77' lang='lat'><strong>1⁹0·</strong></span> 
     </span>
    </p>
   </div>
   <div class='ocr_carea' id='block_1_4' title="bbox 302 1492 1613 1868">
    <p class='ocr_par' dir='ltr' id='par_1_4' title="bbox 302 1492 1610 1609">
     <span class='ocr_line' id='line_1_16' title="bbox 352 1492 1610 1543; baseline 0.002 -11"><span class='ocrx_word' id='word_1_102' title='bbox 352 1493 453 1533; x_wconf 71' lang='lat' dir='ltr'><strong>Su‘br&#39;.</strong></span> <span class='ocrx_word' id='word_1_103' title='bbox 489 1497 567 1531; x_wconf 87' lang='lat' dir='ltr'><strong>non</strong></span> <span class='ocrx_word' id='word_1_104' title='bbox 587 1492 727 1531; x_wconf 84' lang='lat' dir='ltr'><strong>habent</strong></span> <span class='ocrx_word' id='word_1_105' title='bbox 764 1493 872 1533; x_wconf 78' lang='lat' dir='ltr'><strong>editt.</strong></span> <span class='ocrx_word' id='word_1_106' title='bbox 901 1493 970 1532; x_wconf 86' lang='lat' dir='ltr'><strong>sed</strong></span> <span class='ocrx_word' id='word_1_107' title='bbox 997 1494 1110 1534; x_wconf 80' lang='lat' dir='ltr'><strong>ambo</strong></span> <span class='ocrx_word' id='word_1_108' title='bbox 1142 1494 1259 1535; x_wconf 83' lang='lat' dir='ltr'><strong>MSS.</strong></span> <span class='ocrx_word' id='word_1_109' title='bbox 1287 1493 1401 1534; x_wconf 82' lang='lat' dir='ltr'><strong>Leld.</strong></span> <span class='ocrx_word' id='word_1_110' title='bbox 1439 1494 1610 1543; x_wconf 80' lang='lat' dir='ltr'><strong>Dignum</strong></span> 
     </span>
     <span class='ocr_line' id='line_1_17' title="bbox 302 1558 1138 1609; baseline 0.001 -12"><span class='ocrx_word' id='word_1_111' title='bbox 302 1560 462 1609; x_wconf 71' lang='lat' dir='ltr'><strong>putavi,</strong></span> <span class='ocrx_word' id='word_1_112' title='bbox 498 1558 605 1607; x_wconf 89' lang='lat' dir='ltr'><strong>quod</strong></span> <span class='ocrx_word' id='word_1_113' title='bbox 636 1559 675 1597; x_wconf 84' lang='lat' dir='ltr'><strong>ln</strong></span> <span class='ocrx_word' id='word_1_114' title='bbox 707 1568 854 1597; x_wconf 88' lang='lat' dir='ltr'><strong>textum</strong></span> <span class='ocrx_word' id='word_1_115' title='bbox 888 1559 1138 1609; x_wconf 79' lang='lat' dir='ltr'><strong>reciperetur.</strong></span> 
     </span>
    </p>

    <p class='ocr_par' dir='ltr' id='par_1_5' title="bbox 304 1622 1613 1868">
     <span class='ocr_line' id='line_1_18' title="bbox 350 1622 1613 1675; baseline 0.002 -12"><span class='ocrx_word' id='word_1_116' title='bbox 350 1623 543 1675; x_wconf 74' lang='lat' dir='ltr'><strong>Appendi.</strong></span> <span class='ocrx_word' id='word_1_117' title='bbox 584 1625 693 1674; x_wconf 78' lang='lat' dir='ltr'><strong>quasi</strong></span> <span class='ocrx_word' id='word_1_118' title='bbox 732 1635 802 1674; x_wconf 90' lang='lat' dir='ltr'><strong>per</strong></span> <span class='ocrx_word' id='word_1_119' title='bbox 844 1624 1048 1672; x_wconf 75' lang='lat' dir='ltr'><strong>trutinam,</strong></span> <span class='ocrx_word' id='word_1_120' title='bbox 1086 1632 1130 1663; x_wconf 89' lang='lat' dir='ltr'><strong>nt</strong></span> <span class='ocrx_word' id='word_1_121' title='bbox 1160 1624 1329 1675; x_wconf 71' lang='lat' dir='ltr'><strong>expuent</strong></span> <span class='ocrx_word' id='word_1_122' title='bbox 1360 1622 1496 1664; x_wconf 84' lang='lat' dir='ltr'><strong>Ruhk.</strong></span> <span class='ocrx_word' id='word_1_123' title='bbox 1543 1627 1613 1666; x_wconf 77' lang='lat' dir='ltr'><strong>Al-</strong></span> 
     </span>
     <span class='ocr_line' id='line_1_19' title="bbox 304 1683 1605 1740; baseline 0.002 -11"><span class='ocrx_word' id='word_1_124' title='bbox 304 1698 419 1729; x_wconf 76' lang='lat' dir='ltr'><strong>teram</strong></span> <span class='ocrx_word' id='word_1_125' title='bbox 449 1688 656 1727; x_wconf 86' lang='lat' dir='ltr'><strong>lectionem</strong></span> <span class='ocrx_word' id='word_1_126' title='bbox 687 1689 853 1736; x_wconf 79' lang='lat' dir='ltr'><strong>ostendi,</strong></span> <span class='ocrx_word' id='word_1_127' title='bbox 891 1701 1004 1740; x_wconf 83' lang='lat' dir='ltr'><strong>quam</strong></span> <span class='ocrx_word' id='word_1_128' title='bbox 1037 1691 1150 1729; x_wconf 74' lang='lat' dir='ltr'><strong>etiem</strong></span> <span class='ocrx_word' id='word_1_129' title='bbox 1183 1683 1321 1734; x_wconf 82' lang='lat' dir='ltr'><strong>Leidd.</strong></span> <span class='ocrx_word' id='word_1_130' title='bbox 1355 1690 1520 1739; x_wconf 78' lang='lat' dir='ltr'><strong>liabent,</strong></span> <span class='ocrx_word' id='word_1_131' title='bbox 1554 1700 1605 1731; x_wconf 87' lang='lat' dir='ltr'><strong>ex</strong></span> 
     </span>
     <span class='ocr_line' id='line_1_20' title="bbox 304 1751 1611 1802; baseline 0.003 -11"><span class='ocrx_word' id='word_1_132' title='bbox 304 1751 614 1802; x_wconf 80' lang='lat' dir='ltr'><strong>interpretatione</strong></span> <span class='ocrx_word' id='word_1_133' title='bbox 656 1762 776 1790; x_wconf 72' lang='lat' dir='ltr'><strong>natam</strong></span> <span class='ocrx_word' id='word_1_134' title='bbox 820 1764 904 1792; x_wconf 82' lang='lat' dir='ltr'><strong>esse</strong></span> <span class='ocrx_word' id='word_1_135' title='bbox 938 1753 1063 1793; x_wconf 84' lang='lat' dir='ltr'><strong>eidem</strong></span> <span class='ocrx_word' id='word_1_136' title='bbox 1104 1754 1306 1794; x_wconf 78' lang='lat' dir='ltr'><strong>assentior.</strong></span> <span class='ocrx_word' id='word_1_137' title='bbox 1357 1754 1476 1794; x_wconf 75' lang='lat' dir='ltr'><strong>Paulo</strong></span> <span class='ocrx_word' id='word_1_138' title='bbox 1521 1763 1611 1795; x_wconf 71' lang='lat' dir='ltr'><strong>ante</strong></span> 
     </span>
     <span class='ocr_line' id='line_1_21' title="bbox 304 1814 1109 1868; baseline 0.003 -14"><span class='ocrx_word' id='word_1_139' title='bbox 304 1826 378 1866; x_wconf 81' lang='lat' dir='ltr'><strong>pro</strong></span> <span class='ocrx_word' id='word_1_140' title='bbox 404 1814 505 1865; x_wconf 80' lang='lat' dir='ltr'><strong>quod</strong></span> <span class='ocrx_word' id='word_1_141' title='bbox 533 1819 664 1866; x_wconf 70' lang='lat' dir='ltr'><strong>capita</strong></span> <span class='ocrx_word' id='word_1_142' title='bbox 700 1818 814 1855; x_wconf 88' lang='lat' dir='ltr'><strong>Voss.</strong></span> <span class='ocrx_word' id='word_1_143' title='bbox 843 1826 935 1866; x_wconf 77' lang='lat' dir='ltr'><strong>quot</strong></span> <span class='ocrx_word' id='word_1_144' title='bbox 966 1821 1109 1868; x_wconf 79' lang='lat' dir='ltr'><strong>capita.</strong></span> 
     </span>
    </p>
   </div>
   <div class='ocr_carea' id='block_1_5' title="bbox 304 1882 1613 1987">
    <p class='ocr_par' dir='ltr' id='par_1_6' title="bbox 304 1882 1613 1987">
     <span class='ocr_line' id='line_1_22' title="bbox 306 1882 1613 1929; baseline 0.005 -7"><span class='ocrx_word' id='word_1_145' title='bbox 306 1884 365 1923; x_wconf 86' lang='lat' dir='ltr'><strong>Ac</strong></span> <span class='ocrx_word' id='word_1_146' title='bbox 408 1883 489 1923; x_wconf 85' lang='lat' dir='ltr'><strong>tab.</strong></span> <span class='ocrx_word' id='word_1_147' title='bbox 542 1882 655 1923; x_wconf 87' lang='lat' dir='ltr'><strong>Voss.</strong></span> <span class='ocrx_word' id='word_1_148' title='bbox 696 1890 737 1921; x_wconf 86' lang='lat' dir='ltr'><strong>et</strong></span> <span class='ocrx_word' id='word_1_149' title='bbox 775 1884 859 1924; x_wconf 83' lang='lat' dir='ltr'><strong>tab.</strong></span> <span class='ocrx_word' id='word_1_150' title='bbox 913 1882 966 1922; x_wconf 89' lang='lat' dir='ltr'><strong>Et</strong></span> <span class='ocrx_word' id='word_1_151' title='bbox 998 1894 1092 1923; x_wconf 88' lang='lat' dir='ltr'><strong>mox</strong></span> <span class='ocrx_word' id='word_1_152' title='bbox 1123 1884 1224 1924; x_wconf 76' lang='lat' dir='ltr'><strong>illud</strong></span> <span class='ocrx_word' id='word_1_153' title='bbox 1253 1884 1394 1926; x_wconf 81' lang='lat' dir='ltr'><strong>docum.</strong></span> <span class='ocrx_word' id='word_1_154' title='bbox 1426 1884 1520 1928; x_wconf 80' lang='lat' dir='ltr'><strong>Aru.</strong></span> <span class='ocrx_word' id='word_1_155' title='bbox 1549 1888 1613 1929; x_wconf 68' lang='lat' dir='ltr'><strong>illi</strong></span> 
     </span>
     <span class='ocr_line' id='line_1_23' title="bbox 304 1947 449 1987; baseline -0.007 0"><span class='ocrx_word' id='word_1_156' title='bbox 304 1947 449 1987; x_wconf 83' lang='lat' dir='ltr'><strong>docum.</strong></span> 
     </span>
    </p>
   </div>
   <div class='ocr_carea' id='block_1_6' title="bbox 307 2012 1619 2636">
    <p class='ocr_par' dir='ltr' id='par_1_7' title="bbox 354 2012 1358 2062">
     <span class='ocr_line' id='line_1_24' title="bbox 354 2012 1358 2062; baseline 0.001 -10"><span class='ocrx_word' id='word_1_157' title='bbox 354 2014 486 2052; x_wconf 73' lang='lat' dir='ltr'><strong>clavi.</strong></span> <span class='ocrx_word' id='word_1_158' title='bbox 517 2015 632 2050; x_wconf 86' lang='lat' dir='ltr'><strong>Voss.</strong></span> <span class='ocrx_word' id='word_1_159' title='bbox 660 2012 803 2057; x_wconf 76' lang='lat' dir='ltr'><strong>clavis,</strong></span> <span class='ocrx_word' id='word_1_160' title='bbox 839 2012 963 2050; x_wconf 87' lang='lat' dir='ltr'><strong>multo</strong></span> <span class='ocrx_word' id='word_1_161' title='bbox 995 2012 1119 2050; x_wconf 85' lang='lat' dir='ltr'><strong>minus</strong></span> <span class='ocrx_word' id='word_1_162' title='bbox 1153 2013 1358 2062; x_wconf 76' lang='lat' dir='ltr'><strong>eleganter.</strong></span> 
     </span>
    </p>

    <p class='ocr_par' dir='ltr' id='par_1_8' title="bbox 307 2076 1614 2257">
     <span class='ocr_line' id='line_1_25' title="bbox 355 2076 1614 2129; baseline 0.001 -11"><span class='ocrx_word' id='word_1_163' title='bbox 355 2078 402 2118; x_wconf 89' lang='lat' dir='ltr'><strong>In</strong></span> <span class='ocrx_word' id='word_1_164' title='bbox 419 2085 530 2129; x_wconf 85' lang='lat' dir='ltr'><strong>perp.</strong></span> <span class='ocrx_word' id='word_1_165' title='bbox 570 2076 700 2116; x_wconf 83' lang='lat' dir='ltr'><strong>Ruhk.</strong></span> <span class='ocrx_word' id='word_1_166' title='bbox 729 2085 767 2115; x_wconf 89' lang='lat' dir='ltr'><strong>et</strong></span> <span class='ocrx_word' id='word_1_167' title='bbox 796 2076 934 2125; x_wconf 84' lang='lat' dir='ltr'><strong>reliqui</strong></span> <span class='ocrx_word' id='word_1_168' title='bbox 979 2083 1020 2114; x_wconf 87' lang='lat' dir='ltr'><strong>et</strong></span> <span class='ocrx_word' id='word_1_169' title='bbox 1049 2078 1091 2115; x_wconf 72' lang='lat' dir='ltr'><strong>in</strong></span> <span class='ocrx_word' id='word_1_170' title='bbox 1116 2085 1228 2127; x_wconf 86' lang='lat' dir='ltr'><strong>perp.</strong></span> <span class='ocrx_word' id='word_1_171' title='bbox 1269 2078 1395 2118; x_wconf 86' lang='lat' dir='ltr'><strong>codd.</strong></span> <span class='ocrx_word' id='word_1_172' title='bbox 1421 2078 1533 2119; x_wconf 87' lang='lat' dir='ltr'><strong>Leid.</strong></span> <span class='ocrx_word' id='word_1_173' title='bbox 1569 2089 1614 2119; x_wconf 73' lang='lat' dir='ltr'><strong>et</strong></span> 
     </span>
     <span class='ocr_line' id='line_1_26' title="bbox 307 2139 1612 2195; baseline 0.001 -11"><span class='ocrx_word' id='word_1_174' title='bbox 307 2145 505 2184; x_wconf 83' lang='lat' dir='ltr'><strong>omittunt.</strong></span> <span class='ocrx_word' id='word_1_175' title='bbox 539 2141 758 2190; x_wconf 77' lang='lat' dir='ltr'><strong>Elegantius</strong></span> <span class='ocrx_word' id='word_1_176' title='bbox 792 2139 947 2179; x_wconf 84' lang='lat' dir='ltr'><strong>videtur</strong></span> <span class='ocrx_word' id='word_1_177' title='bbox 982 2139 1063 2179; x_wconf 86' lang='lat' dir='ltr'><strong>hoc</strong></span> <span class='ocrx_word' id='word_1_178' title='bbox 1094 2144 1332 2191; x_wconf 73' lang='lat' dir='ltr'><strong>asyndeton,</strong></span> <span class='ocrx_word' id='word_1_179' title='bbox 1371 2155 1483 2194; x_wconf 81' lang='lat' dir='ltr'><strong>quam</strong></span> <span class='ocrx_word' id='word_1_180' title='bbox 1503 2145 1612 2195; x_wconf 73' lang='lat' dir='ltr'><strong>quod</strong></span> 
     </span>
     <span class='ocr_line' id='line_1_27' title="bbox 308 2204 1309 2257; baseline -0.005 -7"><span class='ocrx_word' id='word_1_181' title='bbox 308 2221 329 2249; x_wconf 84' lang='grc' dir='ltr'>ι</span> <span class='ocrx_word' id='word_1_182' title='bbox 354 2209 513 2253; x_wconf 80' lang='lat' dir='ltr'><strong>librario</strong></span> <span class='ocrx_word' id='word_1_183' title='bbox 544 2205 740 2257; x_wconf 86' lang='lat' dir='ltr'><strong>proficisci</strong></span> <span class='ocrx_word' id='word_1_184' title='bbox 771 2204 953 2253; x_wconf 87' lang='lat' dir='ltr'><strong>potuerit.</strong></span> <span class='ocrx_word' id='word_1_185' title='bbox 1004 2208 1139 2254; x_wconf 78' lang='lat' dir='ltr'><strong>Itaque</strong></span> <span class='ocrx_word' id='word_1_186' title='bbox 1165 2208 1309 2255; x_wconf 79' lang='lat' dir='ltr'><strong>recepi.</strong></span> 
     </span>
    </p>

    <p class='ocr_par' dir='ltr' id='par_1_9' title="bbox 308 2270 1619 2464">
     <span class='ocr_line' id='line_1_28' title="bbox 357 2270 1612 2323; baseline 0 -10"><span class='ocrx_word' id='word_1_187' title='bbox 357 2287 381 2322; x_wconf 87' lang='lat'><strong>9</strong></span> <span class='ocrx_word' id='word_1_188' title='bbox 407 2274 475 2314; x_wconf 86' lang='lat' dir='ltr'><strong>Tu.</strong></span> <span class='ocrx_word' id='word_1_189' title='bbox 512 2272 619 2322; x_wconf 86' lang='lat' dir='ltr'><strong>quod</strong></span> <span class='ocrx_word' id='word_1_190' title='bbox 650 2272 690 2310; x_wconf 88' lang='lat' dir='ltr'><strong>h.</strong></span> <span class='ocrx_word' id='word_1_191' title='bbox 717 2273 744 2309; x_wconf 88' lang='lat' dir='ltr'><strong>l.</strong></span> <span class='ocrx_word' id='word_1_192' title='bbox 774 2271 852 2308; x_wconf 88' lang='lat' dir='ltr'><strong>vim</strong></span> <span class='ocrx_word' id='word_1_193' title='bbox 875 2271 1039 2310; x_wconf 84' lang='lat' dir='ltr'><strong>orationi</strong></span> <span class='ocrx_word' id='word_1_194' title='bbox 1071 2270 1199 2318; x_wconf 81' lang='lat' dir='ltr'><strong>addit,</strong></span> <span class='ocrx_word' id='word_1_195' title='bbox 1226 2272 1332 2311; x_wconf 68' lang='lat' dir='ltr'><strong>abest</strong></span> <span class='ocrx_word' id='word_1_196' title='bbox 1365 2274 1413 2313; x_wconf 77' lang='lat' dir='ltr'><strong>ab</strong></span> <span class='ocrx_word' id='word_1_197' title='bbox 1444 2282 1612 2323; x_wconf 87' lang='lat' dir='ltr'><strong>utroque</strong></span> 
     </span>
     <span class='ocr_line' id='line_1_29' title="bbox 309 2335 1619 2387; baseline 0 -9"><span class='ocrx_word' id='word_1_198' title='bbox 309 2339 414 2379; x_wconf 87' lang='lat' dir='ltr'><strong>cod.</strong></span> <span class='ocrx_word' id='word_1_199' title='bbox 450 2337 571 2385; x_wconf 75' lang='lat' dir='ltr'><strong>Refice</strong></span> <span class='ocrx_word' id='word_1_200' title='bbox 613 2337 696 2375; x_wconf 85' lang='lat' dir='ltr'><strong>sine</strong></span> <span class='ocrx_word' id='word_1_201' title='bbox 727 2335 785 2374; x_wconf 89' lang='lat' dir='ltr'><strong>lit.</strong></span> <span class='ocrx_word' id='word_1_202' title='bbox 828 2335 985 2385; x_wconf 80' lang='lat' dir='ltr'><strong>majusc-</strong></span> <span class='ocrx_word' id='word_1_203' title='bbox 1026 2337 1162 2387; x_wconf 83' lang='lat' dir='ltr'><strong>scripsi</strong></span> <span class='ocrx_word' id='word_1_204' title='bbox 1200 2348 1361 2377; x_wconf 80' lang='lat' dir='ltr'><strong>auctore</strong></span> <span class='ocrx_word' id='word_1_205' title='bbox 1405 2348 1619 2378; x_wconf 70' lang='lat' dir='ltr'><strong>summo</strong></span> 
     </span>
     <span class='ocr_line' id='line_1_30' title="bbox 308 2395 867 2464; baseline -0.011 -21"><span class='ocrx_word' id='word_1_206' title='bbox 308 2401 448 2444; x_wconf 80' lang='lat' dir='ltr'><strong>Prood.</strong></span> <span class='ocrx_word' id='word_1_207' title='bbox 469 2410 513 2453; x_wconf 90' lang='lat' dir='ltr'><strong>p.</strong></span> <span class='ocrx_word' id='word_1_208' title='bbox 545 2395 634 2464; x_wconf 49' lang='grc' dir='ltr'><strong>ζιν44.</strong></span> <span class='ocrx_word' id='word_1_209' title='bbox 865 2435 867 2438; x_wconf 87' lang='grc'><em>,</em></span> 
     </span>
    </p>

    <p class='ocr_par' dir='ltr' id='par_1_10' title="bbox 309 2466 1614 2584">
     <span class='ocr_line' id='line_1_31' title="bbox 359 2466 1614 2517; baseline 0.001 -11"><span class='ocrx_word' id='word_1_210' title='bbox 359 2471 491 2507; x_wconf 84' lang='lat' dir='ltr'><strong>Putas.</strong></span> <span class='ocrx_word' id='word_1_211' title='bbox 514 2466 627 2514; x_wconf 72' lang='lat' dir='ltr'><strong>Voss.</strong></span> <span class='ocrx_word' id='word_1_212' title='bbox 650 2466 772 2512; x_wconf 82' lang='lat' dir='ltr'><strong>dices,</strong></span> <span class='ocrx_word' id='word_1_213' title='bbox 802 2475 824 2505; x_wconf 89' lang='lat' dir='ltr'><strong>e</strong></span> <span class='ocrx_word' id='word_1_214' title='bbox 854 2476 980 2517; x_wconf 80' lang='lat' dir='ltr'><strong>praec.</strong></span> <span class='ocrx_word' id='word_1_215' title='bbox 1012 2468 1112 2506; x_wconf 80' lang='lat' dir='ltr'><strong>dicet</strong></span> <span class='ocrx_word' id='word_1_216' title='bbox 1141 2469 1357 2517; x_wconf 82' lang='lat' dir='ltr'><strong>repetitum.</strong></span> <span class='ocrx_word' id='word_1_217' title='bbox 1382 2469 1485 2507; x_wconf 88' lang='lat' dir='ltr'><strong>Mox</strong></span> <span class='ocrx_word' id='word_1_218' title='bbox 1513 2469 1614 2507; x_wconf 88' lang='lat' dir='ltr'><strong>idem</strong></span> 
     </span>
     <span class='ocr_line' id='line_1_32' title="bbox 309 2534 1568 2584; baseline -0.002 -12"><span class='ocrx_word' id='word_1_219' title='bbox 309 2543 382 2584; x_wconf 81' lang='lat' dir='ltr'><strong>pro</strong></span> <span class='ocrx_word' id='word_1_220' title='bbox 426 2545 589 2573; x_wconf 81' lang='lat' dir='ltr'><strong>morosae</strong></span> <span class='ocrx_word' id='word_1_221' title='bbox 622 2534 818 2573; x_wconf 83' lang='lat' dir='ltr'><strong>barbarum</strong></span> <span class='ocrx_word' id='word_1_222' title='bbox 854 2534 967 2573; x_wconf 83' lang='lat' dir='ltr'><strong>habet</strong></span> <span class='ocrx_word' id='word_1_223' title='bbox 997 2543 1197 2572; x_wconf 79' lang='lat' dir='ltr'><strong>amorosae.</strong></span> <span class='ocrx_word' id='word_1_224' title='bbox 1565 2551 1568 2553; x_wconf 94' lang='lat'>·</span> 
     </span>
    </p>

    <p class='ocr_par' dir='ltr' id='par_1_11' title="bbox 972 2594 1613 2636">
     <span class='ocr_line' id='line_1_33' title="bbox 972 2594 1613 2636; baseline -0.008 0"><span class='ocrx_word' id='word_1_225' title='bbox 972 2598 1010 2636; x_wconf 89' lang='lat' dir='ltr'>G</span> <span class='ocrx_word' id='word_1_226' title='bbox 1535 2594 1613 2634; x_wconf 81' lang='lat' dir='ltr'><strong>Ad-</strong></span> 
     </span>
    </p>
   </div>
  </div>
 </body>
</html>
