1970 3267
301 184 355 228 32
533 170 536 173 ”
849 175 1013 196 ·““·“

349 312 511 352 remus,
545 307 584 340 et
619 298 812 341 interesse
841 298 961 341 nobis
1008 299 1165 342 Deum:
1213 296 1286 339 sed
1329 293 1515 351 quoniam
1556 309 1581 341 a

350 397 439 430 toto
483 383 718 437 particulam
749 383 885 426 revelli
924 384 1083 437 placet,
1124 394 1165 426 et
1196 395 1316 426 unam
1362 382 1585 425 contradic·

346 473 527 521 tionem,
559 479 744 510 manente
780 469 848 511 lite
888 468 1069 522 integra,
1102 470 1287 521 solvere3
1319 467 1459 511 faciam
1495 481 1579 511 rem

289 569 315 599 2
345 568 430 598 non
454 553 679 607 difficilem,
709 567 869 598 causam
896 554 1062 596 deorum
1089 566 1219 609 agam.
1277 553 1582 608 Supervacuum

1521 648 1583 682 est

284 741 431 780 Erasini
474 740 666 781 editione,
713 748 813 786 quae
866 737 1056 785 prodiisse
1109 736 1262 775 videtur
1304 738 1353 777 A.
1393 748 1515 786 1529,
1550 744 1589 774 et

282 817 450 844 servatur
490 807 526 841 in
558 804 742 840 Biblioth.
784 802 949 849 Traiect.
986 804 1191 839 lectionem
1232 802 1327 840 hanc
1373 803 1481 844 vidi,
1518 800 1586 839 sed

281 881 405 908 utrum
438 871 475 908 in
506 879 718 910 contextu.
757 880 801 905 an
836 870 872 905 in
906 869 1070 916 margine
1105 879 1181 905 non
1217 869 1397 905 memini:
1434 871 1465 903 si
1498 868 1589 903 Pro·

279 934 456 986 videntia
490 934 666 971 mundum
704 941 869 982 regeret.

331 999 571 1037 acciderent.
625 999 798 1046 Uterque
831 999 937 1038 Cod.
959 999 1069 1038 Leid.
1092 997 1277 1037 accidere.
1332 995 1590 1045 Agam'Arn.

281 1064 330 1103 de
367 1065 454 1102 Col.
494 1064 653 1112 Agenti-

335 1141 372 1167 ο.
423 1126 576 1166 Certum
599 1126 816 1164 discursum.
870 1127 973 1165 Cod.
1010 1127 1158 1166 Fabric.
1181 1137 1330 1165 cursum
1365 1126 1588 1164 discursum-

281 1204 367 1241 que.
418 1193 482 1230 Sic
501 1191 612 1228 etiam
639 1190 819 1239 Lipsiu
836 1202 850 1227 s
885 1191 988 1228 hunc
1010 1194 1137 1228 iocum
1165 1189 1268 1228 affert
1289 1189 1448 1238 Physiol.
1473 1190 1589 1228 Stoic-

272 1264 320 1305 p.
363 1264 431 1303 25:
469 1263 599 1302 postea
641 1263 761 1292 tamen
809 1255 847 1291 in
893 1255 1067 1292 editione
1098 1256 1285 1301 vulgatam
1322 1254 1443 1293 dedit.
1496 1258 1589 1293 Arn-

279 1319 330 1357 de
361 1321 449 1356 Col.
488 1319 697 1355 lectionem
741 1327 940 1364 utramque
972 1317 1194 1365 coniungit:
1224 1315 1407 1354 sidereum
1438 1325 1585 1355 certum

281 1396 429 1421 cursum
452 1391 490 1419 et
508 1382 729 1419 discursum.
768 1382 951 1428 suspicor
973 1382 1136 1428 aliquem
1161 1381 1353 1418 librarium
1377 1391 1452 1418 non
1477 1382 1584 1420 intel-

279 1449 447 1492 lexisse,
473 1447 566 1495 quid
588 1455 688 1483 esset
722 1446 758 1485 h.
784 1447 805 1482 1.
829 1454 973 1483 certum
990 1473 1001 1491 ‚
1030 1445 1147 1494 idque
1179 1456 1381 1494 propterea
1408 1456 1586 1486 mutasse.

329 1512 384 1549 Et
412 1514 501 1551 cito.
554 1511 756 1549 Pincianus
786 1510 881 1548 haec
913 1511 1027 1549 verba
1065 1511 1160 1549 dicit
1194 1511 1232 1547 in
1274 1512 1479 1558 exemplari
1514 1522 1587 1549 suo

283 1574 507 1612 desiderari.

335 1640 537 1678 Arietare.
600 1639 701 1677 Cod.
743 1639 857 1676 Voss.
898 1640 1068 1687 uariari.
1132 1638 1202 1676 Est
1238 1648 1361 1689 tamen
1396 1640 1489 1676 iliud
1524 1640 1590 1677 Se-

285 1714 405 1742 necae
449 1698 628 1752 frequens
673 1705 749 1741 hoc
795 1715 907 1742 sensu
951 1704 1195 1748 offendendi,
1244 1706 1498 1753 impingendi‚
1547 1716 1590 1744 ut

281 1771 385 1809 Cons.
418 1769 473 1807 ad
490 1767 619 1806 Marc.
653 1770 722 1807 XI.
756 1782 795 1808 ο.
825 1769 870 1807 de
889 1770 1024 1817 Tranq.
1058 1782 1123 1807 an.
1159 1773 1186 1807 1.
1220 1780 1255 1814 7.
1276 1778 1320 1807 ae
1352 1768 1444 1808 Vita
1474 1772 1590 1809 beata

281 1837 391 1873 vm.
418 1844 457 1881 5.
508 1835 746 1879 significatio
778 1837 839 1871 vei
874 1835 918 1869 ab
953 1835 1135 1871 arietibus
1171 1836 1284 1871 ducta
1319 1836 1491 1882 videtur,
1521 1837 1590 1883 qui

279 1900 457 1939 cornibus
491 1898 666 1936 obversis
707 1910 745 1935 se
780 1899 943 1937 invicem
986 1909 1145 1946 petunt,
1184 1901 1246 1936 vel
1279 1900 1323 1936 ab
1358 1901 1470 1938 ariete
1507 1902 1589 1939 bel-

278 1966 359 2003 lico
389 1964 427 2000 in
463 1973 594 1999 muros
631 1963 883 2009 impingente.

329 2029 522 2066 Coierunt.
585 2031 681 2064 Arn.
718 2030 925 2077 exies-unt,
965 2026 1068 2073 quod
1107 2028 1142 2061 in
1179 2027 1333 2064 eandem
1367 2031 1589 2067 sententiam

285 2093 389 2131 foret
419 2090 703 2138 inteiligendurn
721 2117 731 2133 ‚
762 2101 834 2137 qua
857 2091 901 2127 de
924 2090 1056 2139 Benef.
1079 2094 1129 2127 VI
1149 2116 1159 2126 .
1190 2103 1250 2135 23·
1281 2093 1378 2131 dixit
1401 2094 1593 2136 excidere.

279 2157 427 2196 Mexius
468 2165 586 2192 tamen
628 2155 779 2191 videtur
822 2158 1014 2199 coierunt,
1066 2157 1244 2203 quoniam
1278 2167 1408 2196 eorum
1441 2171 1594 2199 senten.

280 2222 334 2259 tia
365 2222 558 2269 tangitur,
602 2218 668 2266 qui
701 2218 857 2257 omnino
901 2219 1023 2257 Deum
1065 2230 1225 2268 negant,
1264 2222 1589 2272 universumque¹‚

278 2298 322 2325 ut
366 2288 416 2323 ait
462 2285 557 2323 Nat.
605 2295 746 2333 quaest.
795 2285 846 2323 L.
891 2286 954 2322 V1.
984 2286 1112 2333 praefi
1147 2288 1167 2334 §
1208 2298 1267 2332 ¹4·
1320 2288 1408 2325 ferri
1443 2288 1592 2325 temeri-

281 2360 361 2389 tate
397 2351 555 2399 quadam
589 2352 835 2395 arbitrantur,
891 2360 941 2388 ex
976 2360 1188 2389 atomorum
1225 2362 1418 2389 concursu
1465 2354 1591 2390 omnia

279 2416 529 2460 explicantes.

332 2480 514 2518 Vallibus.
568 2484 621 2517 lta
669 2479 778 2516 maris
813 2478 919 2516 sedes
954 2482 1117 2528 appellat
1160 2482 1271 2518 exiam
1296 2481 1394 2523 Nat.
1427 2484 1587 2533 Quaest.

284 2544 340 2584 111
356 2570 369 2591 ,
409 2550 447 2584 8.

1485 2612 1587 2650 Mol*
