1970 3267
824 225 1037 270 ,“-···
1545 227 1604 287 ⁶7

358 374 455 411 curn
498 358 715 415 aliquando
752 353 832 417 ipsi
871 356 1038 412 patriam
1090 369 1176 403 non
1224 359 1432 415 repetituri
1475 359 1595 404 relin-

355 447 516 504 quant?
572 477 599 500 „
628 426 900 490 Occiduntur.
913 444 940 463 ”
986 445 1157 499 quidni,
1199 459 1323 491 cuum
1358 447 1578 503 aliquando

352 533 432 588 ipsi
466 532 543 577 sibi
587 541 732 574 manus
767 528 933 574 afferant
948 529 970 573 ‘2
1021 560 1049 584 „
1078 530 1216 587 Quare
1249 533 1444 585 quaedam
1485 534 1587 578 dura

352 649 382 675 „
408 615 651 675 patiuntur?
665 615 693 636 '²
733 625 780 661 ut
805 616 905 661 alios
938 616 1023 672 pati
1056 616 1254 660 doceant:
1297 619 1382 661 nati
1421 628 1518 662 sunt
1544 620 1588 663 in

294 718 319 762 3
347 700 564 758 exemplar.
623 702 727 747 Puta
760 702 896 758 itaque
932 703 1067 747 Deum
1105 701 1261 746 dicere:
1307 732 1335 756 „
1365 702 1479 761 Quid
1515 704 1586 749 ha·

347 821 376 846 ‚‚
405 790 542 843 betis,
584 790 698 844 quod
734 790 783 832 de
819 802 884 832 me
920 788 1038 844 queri
1074 788 1243 844 possitis
1279 802 1385 844 vos,
1429 789 1580 844 quibus

342 887 449 920 recta
481 876 758 929 placuerunt?
797 875 902 919 Aliis
943 875 1052 919 bona
1093 875 1194 919 falsa
1230 875 1504 931 circumdedi,
1536 888 1578 921 et

334 961 491 1006 animos
530 961 668 1004 inanes
708 960 820 1004 velut
858 961 983 1016 longo
1007 960 1221 1016 fallacique
1262 962 1423 1006 somnio
1466 963 1573 1017 lusi,

336 1059 437 1090 auro
474 1046 567 1090 illos
600 1055 768 1101 argento
802 1055 843 1088 et
882 1045 1005 1088 ebore
1037 1046 1205 1090 ornavi:
1247 1045 1358 1092 intus
1388 1047 1489 1091 boni
1520 1048 1581 1090 ni-

335 1134 392 1176 hil
421 1143 499 1176 est.
558 1132 655 1186 Isti,
687 1145 795 1185 quos
822 1145 899 1186 pro
932 1131 1122 1177 felicibus
1154 1131 1365 1186 aspicitis,
1395 1133 1431 1177 si
1459 1145 1574 1189 non,

335 1232 417 1274 qua
455 1227 707 1272 occurrunt,
748 1217 821 1261 sed
855 1231 934 1271 qua
977 1216 1102 1261 latent
1120 1250 1135 1272 ,
1178 1216 1355 1263 videritis
1371 1251 1386 1273 ‚
1432 1218 1572 1265 miseri

331 1295 470 1358 sunt,
498 1304 682 1358 sordidi,
721 1313 891 1359 turpes,
929 1304 979 1347 ad
1017 1302 1323 1348 similitudinem
1365 1305 1565 1360 parietum

326 1405 497 1436 suorum
532 1390 784 1435 extrinsecus
819 1391 937 1434 culti.
1007 1390 1108 1434 Non
1143 1401 1205 1435 est
1243 1392 1319 1435 ista
1355 1392 1483 1436 solida
1519 1401 1561 1435 et

326 1478 481 1521 sincera
528 1477 727 1521 felicitas:
779 1487 916 1520 crusta
967 1485 1059 1530 est,
1110 1488 1150 1520 et
1198 1477 1360 1530 quidem
1407 1479 1557 1522 tenuis.

264 1576 291 1618 4
319 1564 461 1618 Itaque
494 1564 590 1607 dum
617 1562 696 1606 illis
733 1563 826 1605 licet
860 1572 965 1605 stare
983 1591 999 1615 ‚
1043 1572 1084 1604 et
1116 1563 1166 1604 ad
1199 1562 1407 1605 arbitrium
1440 1575 1564 1606 simtu

320 1650 510 1702 ostendi,
527 1678 531 1681 -
548 1650 678 1691 nitent
704 1658 744 1690 et
770 1649 1013 1701 imponunt:
1048 1661 1175 1701 quum
1204 1649 1358 1701 aliquid
1392 1649 1560 1702 incidit,

318 1735 434 1790 quod
480 1733 682 1779 disturbet
725 1745 771 1777 ac
808 1733 999 1788 detegat,
1048 1742 1148 1777 tunc
1184 1742 1384 1788 apparet,
1427 1746 1557 1789 quan·

315 1830 405 1864 tum
442 1821 542 1864 altae
572 1833 619 1863 ac
657 1831 774 1863 verae
811 1818 1018 1862 foeditatis
1055 1819 1212 1862 ahenus
1256 1820 1449 1874 splendor
1483 1820 1555 1863 ab·

315 1907 538 1952 sconderit.
596 1906 730 1950 Vobis
753 1905 844 1950 dedi
868 1906 977 1950 bona
1011 1916 1145 1960 certa,
1176 1919 1389 1950 mansura:
1423 1919 1552 1961 quan·

311 2004 356 2037 to
391 1993 520 2049 magis
543 1992 794 2037 versaveritis
811 2025 826 2046 ,
873 2002 913 2035 et
938 1993 1118 2046 undique
1152 1991 1405 2046 inspexeritis
1422 2023 1437 2045 ,
1467 2006 1551 2036 me-

308 2080 406 2123 liora
449 2080 696 2136 maJ’oraque.
768 2078 937 2122 Permisi
985 2078 1103 2122 vobis
1123 2113 1138 2133 ,
1193 2079 1407 2122 metuenda
1450 2091 1551 2121 con·

1460 2174 1542 2208 tem

295 2348 380 2387 Sibi
404 2356 549 2385 manus.
577 2340 686 2384 Fabr.
715 2342 871 2383 inverso
913 2343 1071 2389 ordine,
1097 2352 1139 2381 ut
1176 2354 1286 2393 supra
1316 2345 1388 2383 111.
1416 2354 1474 2384 ιο.

290 2427 329 2460 3.
353 2416 475 2460 Longo
499 2410 595 2460 fall.
621 2410 731 2449 Fabr.
755 2411 887 2458 longua
899 2408 1100 2458 facilique.
1154 2409 1253 2447 Mox
1289 2418 1326 2447 et
1359 2420 1532 2458 argento.

291 2479 389 2516 Orn.
426 2476 540 2527 Fabr.
564 2475 767 2515 adornavi.
822 2474 872 2513 Et
905 2485 997 2512 mox
1028 2484 1192 2513 currunt
1222 2485 1295 2523 pro
1328 2481 1550 2514 occurrunt.
1569 2498 1578 2505 -

288 2553 335 2590 4.
364 2542 468 2579 Vers.
491 2549 530 2577 et
546 2540 637 2579 und.
670 2544 767 2590 insp.
793 2540 822 2577 F
826 2540 905 2578 abr.
923 2542 1140 2578 versaverit
1160 2541 1299 2587 aliquis
1319 2548 1358 2578 et
1382 2539 1547 2590 undique

232 2609 455 2658 inspexerit.
499 2606 699 2647 Pulchrius
730 2606 826 2646 illud
857 2604 1022 2645 videtur.

937 2685 1012 2730 12
