1970 3267
885 214 1048 230 ...-...
1525 200 1582 248 23

294 327 388 359 vere
437 318 538 360 mala
588 327 627 355 c.
669 315 711 357 6.
746 313 804 357 sic
842 306 1044 358 ostendit:
1089 316 1190 360 mala
1233 330 1320 360 esse
1359 346 1393 371 „
1431 317 1583 364 scelera

297 433 330 457 2,
361 413 400 447 et
426 399 575 455 flagitia
619 408 658 443 et
685 399 949 455 cogitationes
985 400 1219 457 improbas,
1250 414 1290 447 et
1323 404 1438 449 avida
1475 416 1581 450 con·

296 521 330 544 „
360 487 478 541 silis,
521 497 561 531 et
594 486 798 531 libidinem
830 500 1017 543 caecam,
1054 499 1094 533 et
1141 490 1270 535 alieno
1308 491 1582 536 imminentem

294 607 330 630 „
360 574 635 629 avaritiam;”
669 575 767 619 haec
800 584 932 619 autem
975 575 1111 619 omnia
1148 577 1282 621 Deum
1322 590 1345 620 a
1379 576 1475 621 viris
1508 577 1585 622 bo·

293 662 358 706 nis
411 660 657 716 removisse3
700 670 878 706 ceterum
914 661 1143 706 divitiarum
1181 671 1222 704 et
1254 662 1430 705 filiorum
1465 662 1585 707 amis-

293 750 448 792 sionem
464 780 479 801 ,
510 748 695 792 exsilium
711 780 726 802 ,
759 761 897 792 necem
923 761 1007 791 non
1032 762 1120 792 esse
1147 750 1275 803 mala,
1307 748 1461 805 quippe
1482 762 1587 803 quae

292 834 369 880 viri
398 835 495 879 boni
528 834 741 889 aliquando
776 835 856 879 sibi
883 835 963 890 ipsi
991 834 1263 880 consciscant.
1322 835 1498 891 Reliqua
1532 834 1583 879 de

292 922 370 964 hoc
400 931 638 977 argumento
678 922 812 965 Deum
858 922 1027 976 pulchre
1068 932 1379 976 persequentem
1410 923 1582 967 inducit.

294 1008 411 1064 Quae
444 1009 531 1062 ipsa
570 1007 896 1062 prosopopoeiae
936 1008 1107 1064 gravitas
1156 1018 1195 1050 et
1237 1008 1450 1063 insurgens
1495 1021 1588 1051 ora·

292 1093 416 1138 tionis
476 1094 643 1149 spiritus
692 1094 798 1138 libro
861 1094 911 1137 ad
976 1094 1129 1137 exitum
1197 1094 1376 1150 vergenti
1431 1093 1586 1150 optime

292 1193 517 1237 congruere
567 1181 745 1224 videtur.
816 1180 967 1235 Neque
1008 1180 1144 1223 obstat
1184 1180 1345 1224 brevior
1388 1190 1428 1224 et
1468 1180 1586 1235 quasi

294 1268 499 1322 abrupta,
542 1281 621 1322 qua
667 1267 788 1310 finem
822 1265 945 1320 facit‚
996 1267 1218 1310 sententia:
1276 1300 1312 1321 ‚‚
1355 1268 1468 1322 quod
1503 1277 1585 1311 tam

294 1387 328 1410 ‚‚
358 1355 442 1398 cito
484 1354 558 1408 fit,
599 1353 748 1397 timetis
799 1352 945 1397 diu‘.2’'
983 1353 1206 1409 Ejusmodi
1256 1353 1364 1397 enim
1407 1354 1582 1398 brevitet

291 1442 411 1485 dictis
446 1441 573 1484 libros
624 1441 809 1484 claudere
854 1452 1148 1494 nonnunquam
1197 1440 1369 1484 Senecae
1408 1440 1582 1495 placuit.

294 1528 492 1582 Exempla
518 1536 705 1581 petamus
741 1539 763 1569 e
802 1526 917 1569 Nat.
963 1525 1268 1582 ,Quaestionum
1308 1539 1432 1580 opere
1457 1526 1581 1580 paulo

292 1623 389 1669 post
430 1622 620 1666 exarato,
649 1612 765 1667 cujus
790 1611 890 1654 liber
915 1612 1120 1655 secundus
1151 1612 1207 1655 ita
1234 1611 1396 1656 finitur:
1430 1643 1465 1666 ‚,
1496 1611 1585 1654 Ne·

292 1733 328 1756 ,‚
364 1714 432 1744 mo
469 1713 649 1754 unquam
680 1698 837 1763 fulmen
864 1699 1025 1753 timuit,
1054 1698 1132 1743 nisi
1165 1699 1237 1754 qui
1271 1698 1472 1755 effugit:”
1505 1709 1588 1744 ter·

291 1788 372 1832 tius
417 1788 459 1830 in
508 1788 605 1829 haec
656 1786 778 1828 verba
818 1786 991 1827 desinit:
1035 1816 1071 1840 „
1102 1786 1219 1830 etiam
1266 1786 1351 1830 sine
1388 1786 1582 1841 magistro

295 1904 328 1928 .‚
359 1873 458 1917 vitia
493 1871 763 1916 discuntur.’'

347 1960 574 2014 Superest,
623 1967 671 2002 ut
714 1968 910 2010 quaenam
950 1957 1000 2000 ad
1035 1955 1208 2000 Senecae
1247 1966 1399 2000 textum
1438 1970 1583 2014 recog-

291 2046 545 2089 noscendum
591 2043 771 2088 subsidia
822 2042 920 2086 mihi
963 2041 1142 2096 fuerint,
1187 2043 1325 2098 paucis
1364 2056 1579 2099 exponam.

290 2132 449 2177 Praeter
473 2130 669 2175 editiones
694 2129 866 2174 Andr.
903 2128 1165 2182 schotti,
1205 2130 1259 2173 A.
1288 2132 1420 2184 1604,
1463 2129 1588 2185 Lip-

291 2218 388 2275 sii,
424 2219 481 2265 A.
506 2218 613 2273 1652
644 2217 801 2273 (44),
828 2215 870 2272 J.
898 2215 947 2260 F.
974 2215 1131 2261 Gron
1155 2216 1297 2269 ovii,
1324 2215 1381 2260 A.
1407 2218 1511 2275 1658
1544 2225 1585 2260 et

691 2312 697 2317 ·
1509 2315 1585 2347 no·

330 2448 447 2496 (44)
485 2447 593 2487 Hanc
626 2446 762 2486 ceteris
804 2445 1040 2485 editionibus
1072 2453 1238 2494 quatuor
1270 2456 1289 2482 a
1321 2445 1460 2494 Lipsio
1482 2455 1591 2484 cura-

280 2514 330 2551 tis
365 2516 527 2562 (1605,
555 2518 678 2561 1614,
722 2515 844 2562 1632,
886 2513 1015 2563 1637)
1049 2523 1134 2551 esse
1165 2512 1357 2551 meliorem
1394 2520 1432 2549 et
1471 2522 1589 2553 raram

279 2579 411 2617 scribit
445 2581 630 2623 Harles
661 2581 782 2620 Brev.
814 2578 907 2619 Not.
937 2577 1106 2619 Literat.
1138 2579 1243 2616 Rom.
1271 2586 1314 2626 p.
1350 2589 1437 2628 327.
