1970 3267
385 248 444 291 68
956 255 1124 292 Ξ

446 388 652 429 temnere,
683 375 928 430 cupiditates
965 375 1174 430 fastidire3
1206 382 1290 419 non
1327 375 1493 431 fulgetis
1530 377 1681 422 extrin-

446 477 606 507 secus:
666 463 773 506 bona
818 470 953 505 vestra
991 462 1193 506 introrsus
1228 463 1398 506 obversa
1433 473 1548 507 sunt.
1618 464 1689 508 Sic

447 550 627 594 mundus
664 548 863 593 exteriora
891 548 1139 603 contemsit,
1179 550 1412 605 spectaculo
1439 551 1503 593 sui
1537 552 1687 596 laetus·

447 636 567 681 Intus
605 648 727 681 omne
774 636 898 691 posui
945 634 1133 678 bonum:
1185 647 1270 680 non
1318 649 1434 693 egere
1467 635 1686 692 felicitate,

388 734 419 779 5
445 723 617 768 felicitas
656 733 793 766 vestra
841 731 917 764 est.
981 750 1008 774 „
1039 722 1099 763 At
1137 723 1265 766 multa
1301 724 1483 767 incidunt
1521 724 1688 777 tristia,

448 841 480 864 ‚‚
507 810 739 862 horrenda,
779 810 882 853 dura
918 809 1116 852 toleratu!
1137 809 1167 827 '’
1222 810 1331 866 Quia
1373 823 1458 854 non
1502 821 1688 865 poteram

447 910 526 941 vos
565 896 654 940 istis
690 895 949 949 subducere,
990 894 1149 939 animos
1177 905 1340 939 vestros
1366 896 1562 941 adversus
1595 910 1685 940 om—

444 984 512 1027 nia
559 984 726 1028 armavi.
785 983 902 1026 Ferte
941 981 1131 1025 fortiter:
1171 982 1253 1025 hoc
1292 991 1384 1035 est,
1426 995 1513 1036 quo
1550 983 1686 1027 Deum

449 1071 714 1114 antecedatis.
786 1069 854 1112 ine
896 1079 1006 1113 extra
1060 1069 1290 1122 patientiam
1339 1070 1537 1112 malorum
1584 1080 1647 1112 est
1668 1101 1685 1122 ‚

442 1169 523 1202 vos
569 1168 696 1210 supra
741 1155 993 1209 patientiam.
1066 1153 1331 1198 Contemnite
1374 1164 1684 1209 paupertatem:

445 1256 570 1287 nemo
615 1247 696 1285 tam
739 1255 896 1296 pauper
933 1241 1060 1294 vivit,
1102 1254 1225 1294 quam
1260 1250 1382 1286 natus
1419 1251 1499 1285 est.
1570 1243 1688 1288 Con-

443 1331 611 1373 temnite
656 1330 867 1372 doIorem:
913 1337 985 1372 aut
1017 1328 1231 1382 solvetur,
1271 1337 1343 1373 aut
1378 1330 1527 1373 solvet.
1568 1330 1687 1375 Con-

443 1418 614 1461 temnite
657 1417 893 1461 fortunam:
948 1415 1107 1459 nullum
1150 1414 1207 1458 illi
1241 1415 1399 1470 telum,
1432 1429 1518 1470 quo
1550 1415 1689 1461 feriret

440 1504 654 1556 animum,
706 1503 816 1547 dedi.
887 1501 1152 1546 Contemnite
1202 1510 1402 1545 mortem:
1457 1516 1561 1557 quae
1607 1516 1689 1548 vos

388 1592 418 1635 ⁶
445 1599 517 1634 aut
551 1589 670 1641 finit,
699 1600 769 1632 aut
799 1588 1006 1632 transfert.
1069 1588 1179 1631 Ante
1202 1588 1336 1632 omnia
1365 1588 1484 1643 cavi,
1515 1602 1566 1632 ne
1590 1590 1687 1643 quis

444 1689 522 1722 vos
548 1686 700 1718 teneret
734 1674 917 1727 invitos,
958 1683 1070 1729 patet
1098 1674 1246 1718 exitus.
1307 1674 1350 1717 Si
1385 1686 1567 1730 pugnare
1600 1688 1689 1719 non

443 1763 599 1816 vultis,
642 1762 733 1805 lieet
767 1760 927 1817 fugere.
998 1761 1180 1815 Ideoque
1215 1774 1266 1804 ex
1305 1760 1496 1806 omnibus
1530 1762 1685 1816 rebus,

443 1865 546 1906 quas
572 1864 661 1894 esse
683 1849 803 1893 vobis
835 1848 1079 1892 necessarias
1103 1847 1243 1901 volui,
1273 1847 1372 1891 nihil
1398 1846 1475 1891 feci
1499 1848 1687 1903 facilius,

441 1951 566 1995 quam
610 1937 732 1980 mori.
790 1936 928 1980 Prono
965 1935 1140 1979 animam
1176 1935 1269 1978 loco
1307 1934 1456 1988 posui:
1497 1935 1687 1979 trahitur.

445 2025 656 2070 Attendite
688 2024 813 2067 modo
830 2054 845 2077 ‚
877 2032 917 2065 et
940 2021 1153 2075 videbitis,
1184 2034 1305 2076 quam
1331 2020 1468 2063 brevis
1492 2022 1542 2065 ad
1568 2022 1686 2066 liber·

1634 2119 1693 2153 ta-

435 2200 570 2250 Cupid.
598 2203 655 2238 Ita
674 2206 833 2248 quoque
855 2200 973 2235 Gron.
994 2206 1032 2234 et
1044 2195 1154 2234 Fabr—
1176 2195 1358 2233 Nesciam
1378 2205 1526 2242 tamen,
1550 2207 1594 2234 an
1618 2207 1698 2235 me-

379 2264 458 2306 !ior
491 2265 542 2304 sit
574 2265 723 2309 lectio,
760 2271 873 2311 quam
908 2260 1095 2297 schottus
1118 2268 1156 2297 et
1182 2259 1292 2308 Lips.
1325 2261 1464 2298 habent
1497 2262 1697 2309 cupienda.

431 2340 471 2378 5.
498 2331 620 2380 Quia.
658 2329 770 2369 Fabr.
800 2339 934 2376 quare.
972 2327 1120 2365 Contra
1161 2337 1273 2374 quam
1306 2337 1418 2375 supra
1449 2326 1530 2372 IV,
1556 2331 1596 2365 8.

426 2395 514 2435 Est.
536 2395 641 2434 Idem
665 2394 951 2435 ut.Praeferam
972 2392 1221 2432 indicativum
1239 2420 1251 2438 ,
1276 2401 1320 2431 ut
1342 2392 1445 2430 iamt
1465 2392 1597 2431 verbis
1616 2389 1686 2431 hoc

382 2472 467 2508 est,
492 2463 729 2512 comparatio
759 2461 952 2500 bonorum
985 2470 1071 2499 cum
1107 2460 1196 2498 Deo
1229 2459 1408 2508 incipiat.

434 2530 625 2568 Contemn.
642 2527 745 2577 fort.
767 2541 815 2551 —
836 2524 920 2564 Aut
942 2521 1152 2573 transfert.
1167 2522 1301 2562 Locus
1321 2526 1360 2562 in
1374 2523 1483 2562 Fabr.
1504 2522 1561 2561 sic
1579 2531 1699 2561 trans-
1717 2552 1720 2554 .

383 2596 538 2643 positus
581 2594 742 2640 legitur:
790 2592 980 2629 Contemn.
1023 2596 1214 2634 mortem,
1261 2600 1360 2637 quae
1405 2596 1479 2628 aut
1504 2588 1596 2637 finit
1626 2595 1702 2627 aut

381 2656 596 2708 transferet
629 2670 706 2697 vos.
732 2658 925 2696 Contemn.
949 2654 1052 2705 fort.
1079 2674 1129 2684 -
1156 2653 1257 2695 dedi.

437 2728 473 2761 6.
503 2724 616 2762 Gavi.
648 2723 909 2772 exquisitius,
933 2731 1048 2769 quum
1077 2721 1184 2770 quod
1209 2724 1299 2762 Aru.
1338 2720 1451 2760 habet
1485 2722 1636 2760 curavi.

432 2789 596 2831 Attend.
626 2788 733 2829 Fabt.
761 2787 1006 2831 Antececlite.
