1970 3267
869 198 1035 241 Ξ
1542 203 1604 251 25

372 340 417 383 7.
446 327 512 371 De
550 320 780 376 Beneficiis.

368 418 409 459 8.
451 411 662 454 Sentcncie
705 422 776 451 seu
825 405 1055 453 Proverbia
1114 408 1303 457 Senece*.
1379 408 1591 465 Alphabe·

308 501 390 542 tico
418 496 589 550 digestae
619 506 715 537 sunt
740 494 894 536 ordine.
907 477 1125 538 ³Videntur
1151 497 1307 537 eaedem
1325 527 1340 549 ,
1370 510 1471 550 quas
1497 499 1582 539 Fa-

309 582 441 625 bric.
473 580 527 621 B.
571 581 628 622 L.
664 581 779 621 Tom.
820 579 874 624 11.
908 590 952 634 p.
1000 582 1094 622 118.
1133 593 1275 633 parum
1301 580 1459 622 differre
1492 582 1586 624 dicit

305 682 327 710 a
363 667 409 710 P.
450 664 543 720 Syri
579 664 708 708 mimis
744 665 829 708 sive
856 665 1082 709 sententiis.

359 765 401 805 9.
440 751 685 795 Addiciones
725 751 785 793 ad
806 752 1033 794 sentencias
1066 763 1136 792 scu
1169 750 1231 793 ad
1259 750 1487 806 proverbia
1516 751 1587 794 Sc-

303 837 436 879 necd.
495 837 649 879 Ductae
682 849 730 878 ex
759 836 886 890 ipsius
932 836 1123 890 operibus
1157 837 1357 879 literarum
1392 837 1483 879 item
1515 851 1582 881 or-

302 922 434 964 dinem
472 931 714 974 sequuntur.

362 1019 428 1049 ιο.
469 1006 625 1050 Versus
663 1003 755 1046 divi
772 1003 897 1059 pauli
930 1004 1151 1059 apostoli*.
1192 1003 1424 1048 Hexametri
1453 1017 1582 1061 sunt,

297 1095 435 1148 potius
477 1095 631 1136 dicendi
669 1107 810 1137 versus
852 1094 903 1135 de
948 1094 1084 1136 Paulo
1130 1095 1308 1150 apostolo
1321 1112 1340 1148 ,·
1392 1106 1484 1137 nam
1530 1097 1582 1138 ad

297 1181 385 1235 ejus
424 1180 580 1224 laudem
615 1179 832 1234 pertinent.

359 1279 426 1308 ιι.
458 1266 660 1320 Prologus
708 1264 978 1322 epistolarum
1022 1266 1169 1307 Seneca
1208 1266 1270 1308 ad
1308 1266 1492 1324 paulum
1540 1275 1581 1308 et

290 1350 421 1405 pauli
451 1350 514 1390 ad
528 1351 758 1391 Scnecam*.
814 1349 1151 1402 Hieronymi
1177 1350 1293 1393 locus
1333 1360 1423 1404 est,
1454 1363 1577 1404 quem

298 1434 520 1488 Lipsius
553 1432 687 1477 attulit
721 1432 846 1477 Edit.
884 1445 931 1488 p.
969 1433 1126 1477 XXVI.

356 1534 405 1562 12
452 1519 596 1573 Ipsae,
648 1532 750 1572 quae
789 1518 1004 1572 feruntur,
1060 1520 1215 1563 Pauli
1262 1530 1302 1563 et
1344 1520 1582 1563 Senecae

299 1608 514 1662 epistolae.

358 1705 424 1746 13.
455 1692 675 1734 Librorum
714 1690 766 1732 dc
805 1690 1037 1733 Clementia
1075 1700 1270 1743 quantum
1316 1703 1520 1745 superest.

357 1791 422 1831 14.
454 1778 519 1819 De
558 1786 743 1833 quatuor
778 1778 1008 1820 virtutibus
1044 1776 1355 1819 cardinalibus.
1406 1778 1578 1823 Titulus

296 1864 430 1907 deest:
472 1873 614 1906 notum
650 1873 710 1906 est
746 1864 853 1907 hunc
891 1863 1036 1906 librum
1072 1861 1379 1916 suppositicium
1418 1863 1570 1908 haberi.

348 1962 417 2003 15.
448 1951 542 1993 Pars
589 1952 785 2009 epistolae
832 1951 1032 1993 secandae
1078 1963 1099 1991 a
1148 1948 1280 1992 verbis
1343 1981 1369 2000 „
1400 1950 1576 2004 primum

300 2068 327 2090 ‚,
356 2048 636 2093 argumentum
655 2040 680 2057 ”
716 2039 765 2082 ad
804 2070 829 2093 „
858 2039 1009 2092 aliquid
1046 2037 1303 2092 apprehendo
1319 2036 1364 2089 ‚”
1406 2037 1478 2079 sed
1510 2038 1580 2080 ad-

296 2123 461 2166 modum
499 2124 672 2168 turbata.

358 2212 424 2254 16.
457 2209 581 2254 Liber
619 2209 670 2253 de
707 2217 992 2267 paupertate,
1045 2222 1164 2263 quem
1202 2208 1447 2263 Lipsius
1480 2209 1576 2253 Ex-

295 2307 532 2354 cerptorum
581 2295 747 2339 nomine
804 2295 975 2350 subjecit
1021 2296 1214 2349 editioni,
1271 2296 1442 2338 Senecae
1491 2308 1577 2339 non

299 2398 388 2427 esse
432 2384 631 2438 Jujicans.

359 2482 427 2521 17.
488 2469 633 2510 Iterum
662 2468 833 2524 epistola
860 2467 1034 2508 secunda
1052 2498 1066 2517 ‚
1098 2468 1168 2509 sed
1193 2467 1327 2509 ultima
1361 2478 1472 2519 parte
1508 2480 1574 2510 ca·

298 2565 389 2598 rens
427 2566 448 2597 a
481 2555 640 2600 verbis:
696 2588 723 2610 „
749 2568 981 2620 panpertate
1024 2558 1126 2600 bene
1171 2554 1408 2600 convenit.”

1007 2642 1046 2683 D
