1970 3267
828 226 997 268 =
1500 235 1559 282 57

324 352 397 398 tris
445 350 613 408 quoque
681 349 912 406 periculosa
970 351 1205 398 fortissimis
1260 354 1510 411 imperantur
1525 354 1550 398 22

323 442 422 486 Dux
469 439 711 485 lectissimos
745 438 893 493 mittit,
944 439 1016 496 qui
1058 441 1269 487 nocturnis
1303 442 1446 487 hostes
1482 453 1553 497 ag·

321 525 553 581 grediantur
586 525 768 578 insidiis,
811 538 881 571 aut
907 528 1119 582 explorent
1151 528 1227 571 iter
1244 560 1259 583 ‚
1301 539 1371 573 aut
1396 528 1547 584 praesi-

320 612 435 655 dIum
478 615 572 656 loco
618 613 817 670 dejiciant.
891 614 1031 657 Nemo
1082 625 1222 657 eornm
1265 614 1339 668 qui
1374 623 1553 668 exeunt,

322 698 448 753 dicit,
505 729 532 753 „
562 699 673 744 Male
716 702 765 744 de
803 714 871 745 me
910 700 1130 756 imperator
1177 699 1350 750 meruit:
1371 698 1400 718 ”
1447 700 1519 744 sed
1536 731 1554 754 ‚

329 813 357 837 ,‚
388 784 496 827 Bene
526 785 733 842 judicavit.
749 785 777 805 ’'
831 787 941 830 Idem
979 786 1114 831 dicant
1146 786 1382 842 quicunque
1411 785 1560 843 juben·

321 880 391 913 tur
430 872 511 925 pati
546 871 693 915 timidis
728 873 965 928 ignavisque
1003 873 1181 916 flebilia:
1226 873 1352 929 Digni
1384 873 1465 917 visi
1492 885 1563 918 su·

331 970 423 1001 mus
460 959 552 1001 Deo
575 988 591 1010 ,
645 957 686 999 in
726 958 879 1011 quibus
915 958 1191 1013 experiretur,
1243 968 1442 1012 quantum
1481 959 1562 1002 hu-

329 1055 447 1086 mana
490 1049 633 1086 natura
666 1052 809 1096 posset
855 1043 955 1097 pati.
1016 1043 1163 1098 Fugite
1198 1043 1391 1107 delicias5
1434 1043 1566 1099 fugite

329 1141 557 1174 enervatam
611 1129 838 1175 felicitatem
854 1162 870 1186 ,
922 1144 1003 1187 qua
1054 1130 1177 1175 animi
1224 1131 1536 1187 permadescunt
1549 1162 1566 1186 ,

329 1218 409 1262 nisi
441 1220 590 1274 aliquid
623 1221 866 1274 intervenit,
897 1221 1012 1275 quod
1039 1221 1236 1264 humanae
1269 1220 1392 1264 sortis
1419 1219 1562 1264 admo·

273 1317 302 1358 9
331 1315 448 1357 neat,
492 1306 604 1350 velut
633 1318 829 1362 perpetua
866 1307 1055 1351 ebrietate
1102 1306 1248 1362 sopiti.
1302 1307 1437 1365 Quem
1473 1321 1569 1363 spev

332 1392 480 1436 eulatia
513 1405 673 1447 semper
705 1393 755 1436 ab
792 1391 934 1437 afflatu
967 1391 1254 1447 vindicarunt,
1293 1393 1412 1449 cujus
1441 1393 1568 1449 pedes

328 1479 433 1523 inter
490 1479 669 1522 fomenta
720 1479 893 1523 subinde
945 1488 1098 1522 mutata
1146 1489 1393 1535 tepuerunt,
1446 1479 1569 1525 cuius

330 1565 591 1609 coenationes
625 1564 811 1608 subditus
838 1574 879 1607 et
913 1563 1133 1618 parietibus
1165 1561 1440 1608 circumfusus
1460 1564 1574 1611 calor

335 1653 597 1708 temperavit,
629 1653 738 1696 hunc
762 1651 865 1696 levis
888 1664 985 1696 aura
1009 1663 1094 1694 non
1127 1649 1215 1695 sine
1245 1649 1427 1708 periculo
1450 1649 1571 1697 strin-

337 1750 421 1795 get.
481 1741 588 1783 Cum
616 1739 781 1792 omnia,
818 1751 922 1793 quae
966 1746 1227 1781 excesserunt
1264 1738 1464 1792 modum,
1494 1750 1572 1782 no-

331 1835 476 1879 ceant3
518 1824 855 1880 periculosissima
897 1824 1096 1869 felicitatis
1133 1825 1438 1879 intemperantia
1488 1834 1571 1871 est.

1468 1910 1570 1954 Mo-

323 1983 420 2023 Iter.
473 1986 581 2033 Lips,
612 1997 698 2024 cum
729 1986 769 2023 in
805 1986 955 2024 duobus
985 1984 1110 2023 codd.
1144 1985 1331 2023 inveniret
1351 1981 1573 2029 Interdum,

273 2050 363 2088 inde
381 2050 550 2099 conjecit
572 2050 742 2090 interdiu
756 2079 769 2098 ,
794 2050 902 2101 quod
923 2049 1174 2100 responderet
1194 2051 1387 2088 nocturnis
1413 2046 1579 2086 insidiis.

273 2115 377 2152 Mihi
401 2115 642 2169 cumRuhlt.
664 2117 890 2154 serv-ndum
912 2116 1067 2153 videtur
1089 2119 1190 2160 iter,
1216 2125 1288 2163 pro
1321 2124 1403 2163 quo
1423 2112 1577 2151 facilius

275 2179 390 2217 scribi
427 2181 557 2228 potuit
587 2179 802 2225 interdum,
840 2190 954 2229 quam
984 2189 1135 2219 contra.

320 2243 532 2291 Jubentur.
560 2244 667 2282 Febr.
682 2244 835 2292 jubent.
864 2242 969 2280 Idem
992 2242 1090 2280 infra
1115 2252 1187 2291 pro
1209 2243 1286 2279 nist·
1306 2240 1418 2280 habet
1437 2249 1477 2281 et
1487 2244 1579 2281 m‘sh

321 2317 360 2356 9.
412 2308 678 2348 Vindicarunt.
705 2307 818 2350 Fabr.
836 2307 1157 2354 vindicaverunt,
1195 2307 1304 2357 quod
1334 2308 1470 2348 melius
1494 2308 1572 2350 for-

273 2380 374 2410 tasse
411 2382 569 2422 propter
599 2374 768 2411 senecae
793 2372 1127 2411 consuetudinem.

326 2437 518 2479 Fomenta.
567 2443 657 2480 Duo
691 2440 814 2489 Lipsii
833 2438 950 2479 codd.
984 2447 1198 2488 segmenta,
1235 2436 1339 2477 unde
1365 2437 1443 2487 legi
1469 2439 1579 2478 vole-

277 2501 341 2539 bnt
372 2510 565 2553 tegmenta
580 2516 594 2541 .·
633 2505 822 2554 vulgatum
855 2512 985 2543 tuetur
1016 2507 1135 2542 Gron.

330 2569 496 2607 Subinde
526 2578 693 2608 mutata.
728 2571 997 2609 Desiderantur
1025 2571 1063 2608 in
1097 2580 1177 2608 uno
1208 2568 1347 2618 Lipsii.

331 2630 561 2673 Felicitatis.
597 2633 708 2673 Fabr.
733 2630 922 2685 felicitas.
1502 2691 1505 2696 ,
1567 2691 1569 2693 V

966 2698 1006 2737 H
1475 2694 1587 2733 Men-
