1970 3267
377 186 435 229 44
865 181 1078 232 ,Ξ
1132 221 1141 233 ,

436 319 483 349 ac
518 301 743 348 tremimus.
800 304 879 346 Pro
914 303 1014 357 ipsis
1059 311 1148 357 est,
1189 301 1353 356 inquis,
1403 300 1445 344 in
1479 301 1666 360 exsilium

436 389 576 446 proiici
592 418 608 442 ,
638 388 681 431 in
719 396 937 443 egestatem
972 389 1117 434 deduci
1155 388 1329 441 liberos,
1367 388 1581 443 coniugem
1607 386 1669 431 ef-

433 475 569 527 ferre,
606 473 830 530 ignominia
854 472 987 525 affici,
1017 473 1246 517 debilitari?
1303 471 1347 516 Si
1384 472 1567 527 miraris,
1588 471 1670 516 hoe

434 573 515 616 pro
544 560 682 616 aliquo
712 572 829 615 esse,
863 557 1069 603 miraberis
1105 561 1303 614 quosdam
1354 556 1464 602 ferro
1496 569 1536 602 et
1572 559 1665 615 igne

436 645 597 702 curari,
627 658 704 690 nec
744 644 881 690 minus
913 643 1018 689 fame
1044 656 1091 688 ac
1125 644 1209 689 siti.
1271 645 1352 690 Sed
1386 644 1421 690 si
1463 643 1671 701 cogitave-

434 733 492 776 ris
526 742 687 785 tecum,
726 731 888 774 remedii
924 743 1042 774 causa
1082 729 1328 784 'quibusdam
1374 740 1415 773 et
1454 730 1537 774 radi
1574 743 1670 774 ossa

438 829 479 863 et
512 819 617 875 legi,
659 827 700 862 et
754 818 908 862 extrahi
960 829 1111 871 venas,
1152 828 1193 861 et
1231 818 1426 872 quaedam
1473 818 1670 873 amputari

438 904 647 958 membra,
674 916 779 957 quae
811 903 901 947 sine
926 903 1056 947 totius
1084 902 1260 959 pernicie
1290 903 1475 959 corporis
1509 904 1670 948 haerere

434 1002 522 1034 non
567 998 779 1045 poterant:
825 989 906 1033 hoc
956 1002 1124 1045 quoque
1160 990 1319 1045 patieris
1367 989 1532 1045 probari
1567 990 1669 1044 tibi,

439 1076 638 1131 quaedam
686 1076 943 1119 incommoda
993 1089 1071 1131 pro
1110 1076 1172 1121 his
1215 1089 1331 1128 esse,
1376 1076 1528 1130 quibus
1570 1077 1671 1120 acci-

436 1162 572 1216 dunt,
604 1171 685 1206 tam
718 1162 999 1217 mehercules,
1034 1174 1155 1217 quam
1197 1162 1390 1216 quaedam
1433 1175 1538 1217 quae
1585 1164 1671 1207 lau-

433 1249 583 1293 dantur
616 1257 738 1303 atque
783 1258 1063 1303 appetuntur,
1105 1257 1247 1292 contra
1286 1261 1359 1292 eos
1401 1261 1520 1304 esse,
1563 1262 1672 1304 quos

433 1335 732 1380 delectaverunt
746 1366 762 1391 ‚
791 1334 991 1380 simillima
1023 1333 1289 1380 cruditatibus
1329 1334 1672 1392 ebrietatibusque

1632 1432 1675 1468 et

415 1494 643 1535 Tremtmus.
678 1492 873 1534 efficacius
906 1504 1019 1543 quam
1051 1494 1159 1544 quod
1191 1494 1305 1536 habet
1327 1499 1448 1539 voss.
1481 1497 1674 1552 timemus.

421 1557 589 1606 Efferre.
639 1558 788 1595 Fabric.
825 1556 890 1595 hec
914 1556 1043 1604 ferre.

430 1624 527 1664 Hoc.
577 1626 691 1660 Voss.
721 1619 827 1659 haec.
867 1621 1067 1669 Vulgatam
1090 1620 1263 1660 defendit
1286 1620 1397 1662 locus
1427 1623 1523 1663 infra
1554 1625 1577 1674 ς
1605 1635 1677 1666 12:

374 1719 413 1741 ,,,
432 1689 527 1740 quid
557 1696 627 1736 per
670 1685 738 1725 hoc
769 1685 1025 1733 consequar.·’
1058 1687 1125 1725 ubi
1164 1689 1278 1726 etim
1318 1691 1427 1739 plura
1473 1699 1681 1731 memorata

375 1765 497 1798 erant.
547 1756 652 1792 Idem
686 1763 779 1790 mox
809 1760 849 1790 et
874 1755 944 1791 siti
975 1763 1048 1802 pro
1079 1765 1127 1793 ac
1157 1756 1243 1794 siti.

426 1819 514 1860 Sed.
556 1819 668 1858 Fabr.
694 1817 837 1855 omisit.

423 1885 481 1925 Et
500 1886 593 1935 legi.
643 1880 912 1921 Desiderantur
945 1879 1041 1920 haec
1069 1880 1109 1920 in
1140 1881 1258 1923 Voss.
1295 1883 1340 1924 In
1366 1890 1546 1939 exemplo
1567 1890 1681 1931 Pinc-

371 1952 449 1993 fuit
487 1959 526 1989 et
557 1948 674 1990 laeda

422 2017 548 2057 Extr.
577 2026 710 2054 venas.
735 2014 856 2053 von.
885 2015 1059 2062 neglecta
1089 2022 1302 2054 structurae
1333 2027 1534 2059 venustate
1562 2031 1680 2061 venas

371 2079 561 2123 extrahi:
589 2079 765 2119 similiter
796 2089 889 2117 mox
916 2081 1079 2128 corporis
1099 2082 1282 2126 pernicie.

423 2148 502 2184 Pro
536 2143 604 2183 his.
658 2143 764 2181 Idem
797 2143 910 2181 habet
935 2150 1007 2191 pro
1034 2145 1123 2191 ipsis
1152 2154 1175 2182 e
1195 2146 1526 2194 praecedentibus.
1557 2150 1679 2192 Patrio

371 2219 464 2261 post
496 2216 535 2247 et
561 2216 647 2259 app.
673 2220 745 2259 pro
775 2216 894 2257 atque
924 2215 1018 2257 app.

423 2275 739 2314 Delectaverunt.
760 2274 871 2314 Febr.
892 2273 1179 2314 delectaverint.
1215 2275 1362 2316 Melior
1386 2287 1510 2318 antem
1534 2280 1681 2321 indica-

373 2340 480 2379 tivus
514 2337 692 2385 videtur,
730 2351 811 2390 quo
846 2340 883 2378 in
915 2339 987 2379 hac
1032 2339 1224 2382 structura
1272 2353 1386 2394 supra
1427 2345 1539 2384 etiam
1586 2357 1683 2388 usus

376 2413 483 2444 erat:
519 2432 546 2450 ,‚
573 2415 645 2453 pro
673 2404 733 2442 his
764 2414 874 2452 esse,
909 2405 1049 2455 quibus
1078 2406 1297 2446 accsdunt.''
1348 2410 1490 2460 Neque
1513 2414 1681 2462 perfecti

375 2479 527 2518 semper
549 2478 782 2509 contractam
807 2472 966 2510 sormam
987 2473 1123 2523 ponit3
1152 2483 1245 2512 mox
1268 2473 1368 2513 enirn
1386 2475 1680 2525 judicaverunt.

426 2534 646 2574 simillima.
694 2535 813 2575 Voss.
849 2537 1016 2583 similia,
1051 2537 1118 2577 sed
1154 2537 1267 2588 hujus
1304 2540 1385 2578 loci
1426 2541 1602 2589 gravitati
1638 2534 1706 2582 ει*

375 2599 475 2640 mori
497 2599 662 2643 Senecae
683 2600 873 2645 convenit
893 2602 1076 2655 superlat.
1104 2602 1172 2647 Cf.
1199 2604 1306 2648 Com.
1330 2605 1387 2647 ad
1409 2605 1541 2650 Marc.
1552 2608 1625 2651 111.
1638 2619 1681 2657 3.
