1970 3267
330 157 387 216 ⁵⁶
895 164 1058 185 ..-

397 289 461 348 gis
487 291 634 345 urgent
662 298 780 333 saeva
812 287 1061 342 inexpertos.
1120 296 1240 342 grave
1263 294 1326 330 est
1350 292 1510 330 tenerae
1530 295 1618 333 cer·
1669 299 1674 304 ·

394 376 473 424 vici
512 376 676 431 jugum.
746 373 815 417 Ad
853 373 1131 428 suspicionem
1162 372 1340 418 vulneris
1382 373 1462 418 tiro
1497 372 1625 428 palle-

394 462 509 506 scit:
559 460 764 506 audaciter
806 469 1020 506 veteranus
1062 474 1248 507 cruorem
1282 473 1404 505 suum
1437 468 1593 516 spectat
1607 486 1626 513 ,

398 549 473 606 qui
516 547 595 593 scit
642 561 688 595 se
727 560 848 603 saepe
887 547 1033 593 vicisse
1068 557 1165 603 post
1209 545 1462 604 sanguinem.
1532 544 1626 590 Hos

396 635 536 691 itaque
571 636 686 680 Deus
701 667 717 690 ‚
741 647 867 690 ,quos
901 631 1047 689 probat
1062 664 1077 687 ‚
1120 647 1229 688 quos
1266 644 1397 689 amat,
1440 633 1627 688 indurat,

400 718 659 779 recognoscit
672 748 688 773 ,
731 727 906 762 exercet.
961 729 1033 761 eos
1066 726 1204 770 autem
1240 717 1391 774 quibus
1425 719 1633 776 indulgere

404 808 593 863 videtur,
645 807 798 862 quibus
848 819 1010 860 parcere
1028 838 1044 860 ‚
1095 807 1238 851 molles
1285 808 1469 852 venturis
1518 807 1631 853 malis

398 902 549 938 servat.
608 892 764 936 Erratis
797 890 928 947 enim,
960 891 994 936 si
1029 905 1150 948 quern
1179 892 1366 949 judicatis
1395 902 1633 948 exceptum:

397 979 536 1024 veniet
570 980 622 1023 ad
657 979 769 1023 illum
810 979 881 1022 diu
918 978 1077 1023 felicem
1112 994 1188 1025 sua
1223 980 1378 1036 portio.
1404 1021 1408 1023 Α
1435 977 1639 1037 Quisquis

353 1065 381 1108 8
407 1065 567 1109 videtur
609 1064 800 1109 dimissus
844 1078 966 1119 esse,
1015 1067 1162 1110 dilatus
1201 1076 1280 1110 est.
1346 1066 1484 1124 Quare
1524 1067 1642 1110 Deus

410 1149 614 1206 optimum
651 1163 857 1205 quemque
891 1161 962 1195 aut
1006 1152 1106 1196 mala
1147 1151 1404 1205 valetudine,
1451 1161 1520 1195 aut
1555 1151 1664 1194 Iuc->

411 1248 489 1293 tu,
529 1247 599 1281 aut
645 1238 731 1282 aliis
770 1239 1072 1294 incommodis,
1110 1239 1269 1284 afficit?
1310 1239 1447 1297 Quare
1481 1238 1524 1281 in
1557 1250 1643 1282 cas-

1570 1324 1645 1368 tris

348 1518 536 1563 domitae.
587 1519 662 1560 Sed
704 1528 785 1560 ten.
826 1521 879 1559 ita
914 1522 1102 1572 scriptum
1141 1529 1278 1561 tenere
1307 1520 1470 1561 librariis
1497 1519 1655 1561 verbum

350 1587 479 1627 visum
512 1594 597 1623 esse
628 1584 777 1633 credo,
815 1586 882 1634 qui
915 1586 1067 1625 idcirco
1106 1586 1272 1625 dictioni
1314 1585 1494 1626 insolitae
1518 1586 1654 1635 jugum

352 1659 484 1691 tenere
511 1650 778 1690 substituerint
811 1650 1006 1690 faciliores
1031 1650 1142 1701 ferre
1164 1652 1331 1702 sugunt,
1367 1661 1407 1690 et
1440 1660 1567 1690 terere
1593 1652 1662 1702 ju-

347 1727 454 1769 gum.
516 1716 616 1756 Illud
661 1715 775 1755 habet
820 1717 933 1756 etiam
978 1720 1070 1757 Arn.
1113 1717 1191 1756 hoc
1232 1717 1344 1759 Febr.
1379 1725 1543 1765 uterque
1583 1722 1660 1765 pro

349 1784 495 1824 cervici
535 1782 670 1822 add-ito
699 1783 929 1824 cervicibus.

406 1849 444 1888 8.
468 1848 552 1887 Aut
572 1848 691 1886 luctu.
718 1850 822 1885 Haec
845 1848 986 1894 verba,
1011 1858 1112 1896 quae
1131 1847 1379 1888 commodum
1392 1857 1483 1887 sane
1505 1856 1659 1886 sensum

357 1912 551 1958 offerunt,
578 1911 701 1960 adjeci
723 1911 955 1949 auctoritate
989 1912 1084 1950 Msti
1109 1912 1219 1951 Fabr.
1241 1921 1281 1952 et
1302 1911 1486 1951 editionis
1510 1910 1673 1957 Schott„

410 1979 455 2017 In
484 1978 557 2017 illo
586 1979 750 2026 iegiturz
776 1985 849 2015 aut
878 1978 1013 2023 luctu,
1048 1987 1120 2016 aut
1156 1976 1327 2016 incomm.
1360 1978 1506 2016 omisso
1544 1975 1662 2022 altis,

359 2041 469 2092 quod
502 2050 628 2079 tamen
657 2042 821 2091 probum
854 2040 1035 2087 videtur,
1072 2040 1263 2091 siquidem
1307 2040 1554 2081 incommoda
1588 2052 1668 2081 non

364 2116 453 2144 sunt
473 2106 677 2155 peculiaris
701 2109 955 2144 calamitatum
983 2109 1161 2155 species,
1186 2117 1206 2142 a
1225 2108 1320 2143 mala
1343 2106 1566 2145 valetudine
1587 2108 1671 2146 luc-

363 2178 486 2219 tuque
516 2169 690 2217 diversa,
720 2172 787 2210 sed
812 2182 955 2220 genus,
983 2171 1089 2220 quod
1113 2172 1211 2210 haec
1245 2171 1672 2221 etiamcomplectitur.

412 2234 531 2285 Apud
561 2235 710 2276 Schott.
737 2246 863 2274 totum
885 2237 961 2276 hoc
996 2247 1233 2286 postremum
1257 2236 1396 2284 deest,
1432 2238 1672 2287 legiturquet

363 2305 437 2338 aut
467 2310 519 2339 m.
553 2311 594 2340 ν.
624 2310 697 2341 aut
727 2304 832 2343 luctu
864 2302 995 2353 afficit.

415 2365 548 2414 Quare
580 2369 633 2405 in.
670 2369 779 2407 Fabr.
818 2371 911 2417 quia
940 2372 992 2407 in.
1033 2369 1107 2407 Sed
1143 2369 1263 2408 multo
1296 2369 1507 2418 elegantius
1540 2376 1678 2418 quaes·

368 2429 429 2469 tio
459 2431 673 2480 quaestioni
708 2436 905 2482 regeritur.
958 2434 1026 2473 Cf.
1064 2434 1160 2472 infra
1194 2438 1252 2478 V,
1290 2446 1339 2473 2:
1366 2460 1398 2479 ,.
1418 2435 1471 2473 At
1503 2437 1693 2481 iniquum·

361 2521 394 2542 „
420 2505 506 2543 est,
541 2498 686 2537 bonum
718 2498 842 2538 vitum
874 2507 950 2538 cet.
987 2514 1033 2523 -
1075 2497 1180 2549 Quid
1210 2499 1359 2549 porro?
1395 2508 1476 2538 non
1511 2506 1570 2538 est
1601 2498 1680 2537 ini-

365 2574 478 2610 quum
510 2574 589 2604 cet.

1587 2628 1681 2666 lter.
