1970 3267
880 177 1043 216 ·-“““““--
1555 174 1611 231 37

331 335 338 340 -
377 315 466 349 rum
489 301 566 348 viri
592 299 711 345 fortis
739 310 826 344 non
863 300 981 344 vertit
1014 299 1206 347 animum.
1266 302 1408 347 Manet
1436 302 1478 346 in
1501 313 1609 350 statu

381 399 424 433 et
459 386 656 441 quidquid
691 388 850 440 evenit,
889 388 930 430 in
964 402 1084 434 suum
1122 391 1301 434 colorem
1334 391 1474 434 trahit.
1531 391 1612 436 Est

376 471 486 515 enim
526 473 718 517 omnibus
756 473 929 518 externis
967 476 1200 531 potentior:
1239 489 1313 520 nec
1356 477 1438 521 hoc
1481 478 1606 533 dico,

384 568 468 599 non
516 559 636 601 sentit
677 560 772 612 illa,
816 562 888 603 sed
931 562 1084 615 vincit,
1134 572 1175 605 et
1223 564 1403 616 alioquin
1445 565 1606 615 quietus

322 658 349 687 2
378 646 641 698 placidusque
664 650 834 716 'contra'
875 648 1118 691 incurrentia
1175 648 1371 691 attollitur
1460 648 1608 692 Omnia

377 732 575 784 adversa,
623 732 922 777 exercitationes
975 743 1105 787 putat.
1184 732 1289 791 Quis
1339 742 1500 787 autem,
1539 733 1606 778 vir

375 819 525 870 modo,
560 828 605 860 vet
634 829 791 862 erectus
822 821 871 862 ad
902 821 1098 866 honesta,
1138 833 1221 863 non
1256 831 1317 864 est
1349 820 1500 864 laboris
1533 834 1605 875 ap-

371 915 513 958 petens
552 905 675 956 iusti,
716 917 755 947 et
784 907 834 948 ad
859 906 985 948 officia
1017 919 1112 950 cum
1163 906 1343 959 periculo
1379 906 1600 962 promtus?

319 1018 325 1022 -
373 992 440 1037 cui
478 1004 563 1036 non
609 990 857 1036 industrioso
916 990 1045 1035 otium
1089 1003 1222 1046 poena
1269 991 1356 1036 est?
1417 993 1601 1038 Athletas

373 1078 589 1131 videmus,
622 1077 772 1131 quibus
803 1077 948 1120 virium
985 1090 1080 1120 cura
1109 1087 1200 1130 est,
1238 1091 1332 1121 cum
1366 1078 1601 1122 fortissimis

373 1151 605 1219 quibusque
640 1164 856 1219 confligere
876 1195 890 1216 ‚
923 1173 962 1206 et
997 1164 1153 1218 exigere
1185 1164 1235 1207 ab
1278 1165 1368 1217 his,
1399 1178 1473 1219 per
1494 1178 1600 1219 quos

367 1251 575 1296 certamini
612 1259 927 1306 praeparantur,
962 1259 1007 1292 ut
1040 1248 1135 1292 totis
1181 1259 1321 1292 contra
1361 1248 1476 1304 ipsos
1504 1251 1597 1295 viri-

1522 1338 1599 1383 bus

309 1468 444 1506 censui
476 1477 516 1503 ut
551 1474 673 1504 aetate
716 1469 881 1502 senecae
922 1473 1167 1512 usurpatum,
1211 1465 1310 1513 apud
1342 1475 1456 1514 quem
1488 1476 1603 1515 saepe

309 1532 515 1582 repetitur:
554 1541 779 1579 quamquam
801 1539 917 1567 aureo
948 1529 1083 1567 seculo
1107 1539 1182 1565 non
1214 1529 1404 1573 valuerit,
1434 1528 1603 1578 ideoque

310 1596 443 1647 iudice
468 1595 785 1636 Ruhnkenio
821 1596 955 1645 opusc.
992 1602 1035 1644 p.
1066 1606 1150 1642 742.
1183 1593 1378 1634 vitandum
1408 1594 1459 1632 sit
1489 1593 1606 1633 hodie

308 1663 446 1702 Latine
475 1662 746 1701 scribentibus.

358 1725 562 1765 Externis.
593 1735 782 1774 praestare
813 1724 966 1761 videtur
1000 1733 1074 1767 eo,
1101 1723 1207 1771 quod
1238 1724 1276 1760 in
1311 1723 1416 1762 Pinc.
1444 1724 1604 1772 quibus-

305 1790 388 1829 dam
420 1791 698 1838 exemplaribus
728 1798 810 1835 est,
844 1789 1006 1827 casibus.
1604 1834 1608 1837 ᾖ

359 1857 550 1905 Alioquin.
601 1860 717 1895 Voss.
758 1853 986 1902 aliquando,
1030 1853 1137 1901 quod
1166 1852 1391 1891 contrariam
1433 1851 1602 1892 efficeret

305 1924 542 1962 sententiam.

358 2001 397 2027 a.
442 1987 498 2025 Et
526 1995 685 2024 erectus.
734 1984 790 2023 Et
822 1987 860 2024 in
892 1990 1005 2024 Voss.
1039 1984 1170 2022 deest:
1211 1984 1344 2020 melius
1383 1991 1507 2019 tamen
1536 1982 1600 2020 ad·

302 2053 374 2092 sit:
411 2055 476 2091 vir
505 2053 604 2090 enim
651 2052 690 2088 h.
725 2052 751 2089 1.
789 2050 1077 2099 quodammodo
1118 2049 1195 2086 vim
1239 2048 1351 2085 habet
1389 2045 1598 2095 adjectivi,

304 2121 371 2157 νίν
392 2118 539 2168 firmis,
587 2126 630 2155 ut
675 2116 720 2154 de
750 2117 888 2164 Tranq.
928 2127 994 2153 an.
1026 2114 1111 2161 ΠΙ,
1149 2125 1215 2158 15:
1266 2140 1294 2159 „
1323 2114 1409 2149 Imo
1442 2110 1507 2149 ille
1540 2110 1600 2149 vir

305 2209 336 2231 ‚,
363 2181 516 2222 fuerit”
546 2190 628 2221 cet.

352 2246 595 2284 Industrioso,
642 2246 752 2284 Fabr.
783 2244 972 2289 industri,
999 2244 1114 2283 Voss.
1142 2241 1356 2284 industrio,
1393 2250 1492 2288 quae
1524 2240 1602 2278 sor-

303 2320 403 2349 tasse
430 2320 519 2347 vera
547 2311 681 2348 lectio.
726 2308 978 2347 Indusmosus
1007 2307 1108 2345 enim
1140 2306 1179 2343 in
1209 2306 1365 2344 Lexicis
1395 2307 1502 2343 nullo
1522 2304 1598 2342 alio

318 2385 395 2415 *ico
421 2374 601 2415 firmatur.
651 2374 745 2414 Non
778 2382 901 2411 tamen
930 2370 1114 2410 adversus
1148 2380 1277 2409 omnes
1300 2369 1491 2408 editiones
1520 2379 1602 2406 mu-

310 2442 381 2477 sare
414 2440 592 2479 sustinui.

350 2504 563 2543 Certamini
587 2509 891 2553 praeparantur.
949 2499 1059 2539 Pinc.
1093 2498 1189 2538 alios
1211 2497 1327 2537 codd.
1362 2496 1501 2536 habere
1533 2508 1600 2536 no-

300 2575 354 2605 tat
383 2577 574 2606 certamen
599 2575 867 2616 praeparatur
882 2592 895 2612 ,
915 2565 964 2604 de
987 2564 1228 2612 agonothetis
1249 2564 1465 2616 intelligens
1480 2592 1492 2611 ‚
1529 2563 1597 2602 sed

1023 2629 1060 2671 E
1093 2641 1118 2685 3
1520 2628 1597 2664 hoc
