1970 3267
310 350 339 375 „
365 321 498 367 Primo
538 326 616 374 pro
652 315 752 375 ipsis
789 332 877 363 esse
893 351 909 373 ‚
952 319 1103 374 quibus
1138 321 1351 367 acciduntt
1382 320 1596 378 secundo,

309 436 336 460 „
366 417 442 462 pto
479 403 705 450 universis:
738 405 858 448 tertio
873 437 888 459 ,
926 407 1157 452 volentibus
1207 407 1386 452 evenire:
1448 417 1597 463 quarto

308 518 336 544 ‚-‚
366 491 453 533 fato
476 501 516 533 et
538 498 696 534 aeterna
721 493 825 546 lege.
856 493 985 548 (40)
1026 493 1199 536 Primam
1225 493 1420 537 tationem
1455 502 1597 538 tractat

310 609 338 632 „
369 579 477 634 Cap.
510 572 599 631 111,
627 577 714 622 lV.
746 578 944 633 docetque
975 583 1053 633 pro
1095 575 1197 632 ipsis
1231 585 1348 632 esse,
1378 577 1486 622 sicut
1513 585 1596 621 me-

307 688 335 718 „
364 664 493 708 dicina
541 673 620 719 pro
671 663 816 720 aegris.
886 665 1130 708 indurantur
1170 662 1286 706 etiam
1320 662 1381 705 sic
1415 675 1438 705 a
1475 662 1595 719 Dm,

308 781 336 804 „
365 750 436 805 qui
475 760 521 793 se
554 746 698 806 dignos
736 745 924 805 producit
962 750 1003 793 in
1030 756 1240 805 pugnam3
1271 749 1376 793 alios
1400 749 1596 804 viliores,

306 864 334 890 „
363 837 404 880 in
444 837 533 881 otio
572 847 612 881 et
655 839 797 882 umbra
840 837 981 880 habet.
1037 837 1267 880 Secundam
1307 843 1448 879 tractat
1483 837 1592 892 Cap.

305 952 336 976 „
367 923 422 966 V.
462 936 541 978 pro
578 924 770 968 omnibus
810 934 931 975 esse,
963 932 1010 966 ut
1044 921 1123 966 viri
1173 922 1300 975 boni,
1342 922 1401 965 sic
1437 922 1592 977 habiti,

302 1039 331 1064 „
359 1009 534 1054 clament
593 1008 682 1053 aliis
735 1018 775 1052 et
832 1008 1048 1052 ostendant
1104 1018 1190 1051 non
1238 1019 1328 1050 esse
1367 1006 1482 1052 Bona
1525 1018 1595 1052 aut

305 1128 333 1152 „
362 1099 507 1153 Mala,
562 1110 666 1152 quae
692 1098 867 1153 ¹vulgus
920 1102 1053 1151 putet.
1112 1095 1182 1139 Ad
1221 1107 1314 1139 vera
1365 1094 1489 1150 igitur
1529 1093 1596 1137 iila

307 1215 336 1240 ,‚
365 1193 582 1241 spectent,
614 1194 655 1228 et
687 1183 754 1227 illa
779 1192 948 1239 petant,
977 1182 1076 1226 haec
1102 1179 1276 1238 fugiant.
1335 1180 1488 1225 Ibidem
1514 1188 1595 1225 tet-

299 1301 328 1326 „
355 1273 451 1315 tiam
486 1270 620 1327 (41)
657 1270 812 1323 nectit,
857 1270 1055 1312 Volentes
1097 1268 1303 1323 excipere:
1346 1277 1439 1310 nam
1479 1278 1596 1324 prae·

299 1387 327 1410 „
354 1358 452 1400 bent
490 1371 535 1400 se
576 1359 671 1402 Deo
715 1369 756 1402 et
798 1358 916 1402 Fato,
975 1358 1131 1415 Quarta
1171 1356 1261 1414 (42
1278 1345 1488 1411 )excipit‚
1517 1356 1595 1401 Fa·

299 1473 327 1497 ‚‚
355 1453 444 1487 tum
475 1456 593 1498 esse,
634 1454 675 1488 et
704 1445 755 1488 ab
793 1455 955 1488 aeterno
1007 1444 1310 1496 constitutum,
1342 1442 1442 1496 quid
1490 1454 1591 1498 gau·

296 1558 324 1581 ,,
353 1530 448 1573 deas
481 1529 717 1584 doleasque.
782 1529 973 1584 Denique
1004 1528 1149 1582 repetit
1176 1528 1268 1583 (43
1282 1527 1331 1581 ),
1362 1529 1465 1571 mala
1492 1529 1592 1571 haec

298 1643 328 1668 ‚‚
355 1624 440 1659 non
496 1627 612 1661 esse:
668 1625 708 1660 et
751 1616 888 1660 Deum
938 1614 1094 1659 inducit
1136 1612 1412 1669 pulcherrime
1449 1612 1595 1657 adhor-

298 1729 327 1752 „
355 1709 536 1755 tantem,
575 1710 616 1744 et
661 1702 711 1745 ad
752 1701 880 1745 robur
918 1701 1173 1745 excitantem.
1231 1700 1370 1744 Stoice
1404 1700 1447 1743 in
1481 1698 1594 1755 fine,

297 1811 328 1841 „
353 1786 389 1828 si
424 1787 539 1842 piget
574 1795 615 1830 et
646 1785 753 1829 ferre
790 1786 922 1829 taedet
936 1817 952 1840 ,
984 1786 1076 1841 quis
1120 1786 1262 1830 tenet?
1290 1795 1403 1843 patet
1438 1787 1560 1843 ianua
1574 1817 1592 1842 ‚

297 1894 327 1926 „
354 1870 464 1914 exi.”

348 1954 419 2001 An
458 1955 560 2000 liber
600 1956 666 1999 hic
712 1954 900 2011 egregius
947 1955 1102 2011 integer
1133 1956 1183 1999 ad
1227 1968 1304 2000 nos
1334 1956 1587 2012 pervenerit,

1507 2043 1590 2100 iam

337 2197 461 2251 (4ο)
502 2198 623 2240 Inseti
664 2197 790 2249 possit
830 2224 861 2247 „
886 2196 1027 2248 quinto
1071 2199 1173 2238 null·
1215 2208 1311 2238 vere
1354 2200 1450 2240 male
1483 2200 1600 2243 bonis

284 2288 317 2314 ‚,
342 2265 436 2304 viris
468 2263 687 2305 accidere?

336 2328 453 2383 (41)
481 2332 576 2381 Cap.
611 2341 645 2376 5·
680 2329 716 2380 §.
755 2342 792 2376 3.
829 2340 849 2367 a
881 2329 1035 2369 verbis:
1070 2356 1101 2378 „
1129 2339 1168 2370 et
1200 2332 1373 2372 volentes
1401 2332 1599 2383 quidem.”

336 2398 459 2447 (4⁸)
494 2397 557 2436 Ib.
591 2400 620 2443 §-
653 2403 696 2444 5.
721 2395 778 2434 ad
791 2396 863 2444 fin.
896 2397 989 2445 Cap.

337 2459 458 2512 (43)
495 2465 600 2502 nnec
631 2460 769 2500 ultimo
800 2461 893 2511 Cap.
915 2461 1163 2501 continentur
1194 2467 1268 2501 Pro
1290 2464 1436 2511 repetit
1471 2472 1598 2502 autem

286 2527 468 2575 equidem
513 2530 638 2568 malim
689 2530 876 2579 ostendit,-
923 2540 1003 2570 eam
1041 2530 1142 2570 enim
1177 2529 1362 2570 rationem
1400 2529 1598 2579 nondum,

286 2602 331 2632 ut
364 2591 554 2644 videtur,¹
585 2604 834 2645 exposuerat.

982 2660 1076 2715 C3
