1970 3267
853 238 1018 279 =
1524 250 1579 294 41

346 380 437 418 tum
452 365 454 368 ’
468 376 700 414 convertere
714 398 728 421 ‚
759 364 832 410 sed
860 365 1052 422 puerilia,
1092 376 1132 412 et
1166 366 1361 414 humanae
1398 368 1575 415 oblecta-

348 464 479 501 menta
525 454 711 497 levitatis.
792 453 903 496 Ecce
958 456 1232 508 spectaculum
1273 456 1469 512 dignum,
1518 458 1572 500 ad

346 540 460 595 quod
490 540 679 595 respiciat
711 539 890 584 intentus
937 540 1051 597 operi
1087 554 1164 585 suo
1201 542 1338 586 Deus:
1380 555 1471 586 ecce
1499 557 1572 597 par

346 628 439 671 Deo
472 627 662 682 dignum,
710 626 772 670 vir
807 625 925 671 fortis
972 639 1067 671 cum
1106 626 1207 670 mala
1256 625 1424 671 fortuna
1463 639 1579 672 com-

342 714 534 769 positus,
565 713 705 767 utique
741 713 776 756 si
798 724 840 757 et
871 713 1127 769 provocavit.
1185 711 1286 756 Non
1328 713 1475 767 video,
1508 715 1574 757 in·

340 813 495 855 quam,
531 800 628 854 quid
662 800 806 844 habeat
838 801 879 844 in
908 801 1024 845 terr1s
1050 799 1210 857 Jupiter
1249 800 1459 856 pulchrius
1478 832 1493 855 ‚
1531 802 1567 845 si

333 898 571 932 convertere
622 887 798 931 animum
841 887 966 939 velit,
1012 900 1133 942 quam
1170 896 1217 931 ut
1252 897 1406 942 spectet
1440 887 1565 933 Cato-

336 986 457 1028 nem,
492 976 573 1029 jam
608 974 791 1029 partibus
829 986 914 1017 non
947 976 1071 1017 semel
1105 965 1272 1027 fractis,
1312 983 1483 1016 stantem
1505 974 1569 1017 ni-

283 1074 307 1116 7
337 1061 557 1106 hilominus
617 1063 721 1106 inter
773 1062 909 1107 ruinas
956 1060 1140 1115 publicas
1183 1070 1356 1105 rectum.
1421 1060 1570 1115 Licet,

333 1147 498 1201 inquit,
531 1149 664 1193 omnia
689 1149 731 1190 in
759 1148 881 1192 unius
913 1147 1105 1191 ditionem
1139 1147 1443 1202 concesserint,
1470 1159 1567 1192 cus·

333 1233 537 1277 todiantur
566 1233 798 1288 legionibus
833 1246 992 1287 terrae,
1034 1235 1233 1279 classibus
1272 1233 1421 1285 maria,
1462 1231 1567 1275 Cae-

333 1320 512 1364 sarianus
553 1329 692 1373 portas
726 1320 840 1364 miles
873 1319 1082 1364 obsideat:
1130 1320 1266 1373 Cato,
1311 1333 1394 1373 qna
1423 1328 1564 1372 exeat,

331 1406 466 1451 habet.
529 1408 620 1453 Una
654 1421 773 1452 manu
805 1409 922 1452 latam
956 1408 1128 1453 libertati
1160 1408 1262 1452 viam
1289 1406 1421 1451 faciet.
1464 1407 1561 1451 Fer·

326 1508 418 1536 rum
453 1495 589 1547 istud,
624 1496 738 1537 etiam
769 1495 876 1538 civili
908 1496 1017 1538 bello
1047 1508 1197 1550 purum
1236 1506 1276 1537 et
1311 1494 1554 1545 innoxium,

330 1579 458 1622 bonas
495 1581 654 1623 tandem
688 1572 732 1624 ac
772 1580 930 1623 nobiles
961 1581 1051 1623 edet
1090 1593 1254 1634 operas.
1307 1581 1560 1635 libertatem,

328 1680 448 1723 quam
473 1667 622 1723 patriae
650 1679 734 1710 non
766 1665 934 1722 potuit,
965 1665 1117 1711 Catoni
1145 1665 1272 1712 dabit.
1329 1667 1562 1723 Aggredere

1475 1767 1562 1798 am-

316 1892 402 1933 Sed.
433 1892 472 1930 in
504 1891 619 1931 Voss.
651 1890 781 1930 deest:
820 1888 928 1929 Fabr.
962 1891 1100 1931 habere
1133 1892 1284 1933 videtur
1318 1893 1423 1935 haec.

311 1958 428 1997 Mala
442 1961 620 2000 fortuna.
673 1957 777 1995 Cod.
798 1966 960 2005 uterque
984 1956 1153 2005 fortuna
1183 1959 1298 1998 mala.
1326 1963 1440 1999 voss.
1463 1971 1556 2000 mox

262 2029 302 2060 et
334 2025 367 2061 si
406 2033 477 2071 pro
510 2024 541 2059 si
573 2028 623 2059 et.

312 2087 479 2125 Habeat.
509 2087 610 2125 cod.
641 2084 791 2125 Fabric.
825 2084 949 2132 hanc,
972 2095 1101 2124 errore
1129 2087 1249 2126 eredo
1280 2087 1438 2127 librarii.

311 2153 482 2191 Rectum.
527 2151 754 2199 Antiquitas
793 2151 990 2199 legebatur
1028 2160 1185 2190 notante
1214 2152 1321 2191 Pinc.
1365 2163 1557 2204 erectum,-

261 2219 329 2259 sed
350 2218 445 2258 illud
469 2217 636 2256 firmatur
656 2218 733 2256 alio
759 2218 852 2256 loco
871 2206 969 2255 idfra
989 2220 1073 2263 111,
1096 2230 1134 2263 4.
1158 2221 1447 2263 „rectissimum
1459 2220 1499 2264 ‚''
1521 2230 1560 2259 et

259 2282 386 2332 Eptst.
408 2283 590 2321 XXXVII
603 2310 615 2329 ‚
644 2295 682 2321 α.
705 2308 735 2328 ,,
756 2289 857 2321 recto
878 2281 955 2319 tibi
976 2284 1190 2331 invictoque
1209 2282 1438 2320 moriendum
1460 2284 1558 2324 est.'’

256 2346 376 2385 Aliud
403 2356 460 2384 est
489 2355 618 2387 erecta
642 2347 797 2385 consilia
831 2344 958 2395 Epist.
991 2344 1109 2412 XLKIK,
1148 2358 1188 2387 ο.
1225 2357 1262 2385 et
1294 2351 1400 2397 quod
1445 2363 1558 2402 supra

256 2409 481 2456 habuimus,
519 2437 549 2456 „
576 2411 636 2450 vir
663 2410 782 2449 modo
814 2419 852 2448 et
888 2407 1115 2450 erectus.'’“

306 2488 345 2521 7.
370 2476 579 2515 Ditionem.
608 2477 700 2515 Non
732 2477 971 2514 intellectum
1002 2487 1022 2514 a
1054 2477 1236 2517 librariis:
1269 2478 1419 2519 Fabric.
1450 2479 1553 2520 enim

254 2540 368 2578 habet
398 2541 624 2580 conditione.
682 2545 800 2581 Voss·
840 2540 1116 2580 conditionemu

254 2604 402 2645 Etiam.
444 2616 516 2655 pro
548 2609 588 2644 in
618 2606 723 2647 Pinc.
744 2616 792 2645 ex
816 2607 968 2655 antiqua
998 2608 1162 2647 lectione
1184 2606 1351 2657 scripsit.

934 2687 968 2729 F
