1970 3267
863 175 1029 212 =
1558 176 1589 224 7

308 335 337 359 ,‚
366 305 492 348 malos
541 311 581 344 et
612 301 789 357 injustos
826 300 940 343 Deus
972 309 1189 353 potenteS,
1231 300 1371 344 beatos
1405 310 1448 344 et
1482 301 1583 345 divi·

306 423 337 445 ,‚
363 403 425 434 tes
455 388 538 432 fieri
568 388 699 441 sinat,
729 386 821 442 pios
853 397 994 431 contra
1023 386 1225 441 humiles,
1266 387 1462 443 miseros,
1493 385 1581 433 ino-

305 507 341 529 „
372 487 444 528 pes
465 487 553 517 csse
569 472 771 528 patiatur3
798 482 929 516 sumat
951 485 1044 515 eum
1059 472 1260 515 Seneca
1275 486 1296 515 e
1318 463 1581 528 librum‚⁹cui

308 592 337 615 ,‚
369 562 509 605 titulus
540 571 628 604 est:
676 574 798 614 quare
820 560 938 603 bonis
960 561 1057 603 viris
1084 562 1210 602 multa
1237 559 1340 603 mala
1370 560 1580 615 accidant,

304 679 333 702 ,.,
364 660 490 703 quum
518 648 571 692 sit
598 645 873 702 providentia3
903 646 944 690 in
974 657 1058 700 quo
1095 644 1161 688 ille
1195 643 1347 700 multa,
1377 655 1462 688 non
1494 644 1583 700 pla·

305 765 336 789 „
364 748 415 778 ne
438 733 631 790 imperitia
658 733 856 789 seculari,
885 735 958 777 sed
978 734 1181 788 sapienter
1213 745 1259 776 ac
1279 745 1406 788 paene
1436 733 1580 778 divini-

298 852 331 877 „
359 832 428 866 tus
456 823 617 866 locutus
655 821 767 866 est.”

353 909 651 965 Argumentum
718 921 740 950 e
798 907 1043 963 gravissimis
1098 921 1215 962 esse,
1280 920 1400 952 nemo
1460 909 1578 955 facile

298 990 520 1051 negaverit.
589 994 689 1037 Non
754 1002 816 1036 est
869 993 984 1046 quod
1030 993 1219 1037 miremur
1263 994 1449 1039 homines
1508 1008 1580 1038 an·

300 1082 427 1138 tiquis
471 1081 753 1137 temporibus,
806 1081 971 1135 quando
1018 1080 1201 1124 viderent
1233 1081 1389 1136 pietatis
1432 1092 1472 1125 et
1499 1082 1578 1126 vir-

294 1170 398 1214 tutis
452 1167 748 1212 amantissimos
805 1179 890 1209 non
941 1167 1064 1210 modo
1119 1169 1404 1213 communibus
1452 1170 1575 1226 huius

291 1258 400 1303 ,vitae
431 1254 632 1301 aerumnis
677 1267 762 1297 non
804 1264 1014 1308 exemtus,
1055 1257 1126 1299 sed
1161 1257 1415 1311 gravioribus
1456 1272 1576 1314 saepe

293 1358 418 1401 quam
466 1353 622 1387 ceteros
665 1343 954 1386 calamitatibus
996 1343 1124 1398 premi
1138 1375 1154 1398 ,
1211 1344 1399 1390 mortales
1451 1346 1576 1402 igitur

296 1432 375 1477 hoc
421 1428 604 1474 videntes
650 1427 691 1470 in
737 1427 853 1471 istam
889 1427 1095 1483 opinionis
1135 1430 1435 1484 perversitatem
1475 1433 1573 1477 inci·

288 1518 427 1569 disse,
465 1525 511 1559 ut
540 1517 603 1558 vel
636 1515 927 1558 Providentiam
956 1517 1122 1558 omnino
1158 1518 1371 1571 tollerent,
1412 1523 1479 1564 vel
1499 1522 1576 1565 bo·

293 1604 460 1647 nitatem
494 1601 581 1655 ejus
619 1610 657 1642 et
687 1599 879 1655 justitiam
920 1599 962 1641 in
999 1598 1167 1643 dubium
1204 1613 1411 1648 vocarent.
1463 1606 1573 1652 Hinc
1629 1622 1638 1634 ·

293 1691 361 1735 ina
402 1686 682 1749 Lucretii:
727 1699 877 1740 quare,
920 1684 1081 1739 inquit,
1121 1686 1245 1731 telum
1285 1689 1364 1734 hoc
1399 1693 1572 1739 cladium

410 1808 439 1831 ,‚
467 1774 744 1827 exanimatque
780 1772 966 1827 indignos
1001 1772 1123 1827 inque
1159 1778 1430 1822 merentes?'’

348 1866 463 1909 Nota
498 1876 669 1916 quoque
708 1872 807 1906 sunt
842 1861 1060 1905 Ovidii:

298 1985 326 2008 „
355 1954 464 1997 Cum
510 1948 664 2004 rapiant
696 1948 797 1991 mala
836 1945 916 1990 fata
949 1946 1084 1989 bonos
1129 1946 1358 2002 (ignoscite
1391 1950 1567 2010 fasso),

403 2068 431 2090 „
460 2036 663 2080 Sollicitor
700 2034 835 2078 nullos
873 2046 962 2077 esse
999 2044 1141 2088 putare
1180 2035 1341 2080 Deos-'⁹

350 2125 418 2168 Ne
454 2123 710 2168 Tacitum
760 2121 921 2175 quidem
964 2121 1014 2164 ab
1052 2122 1134 2165 hoc
1177 2135 1310 2166 errore
1351 2125 1568 2171 immunem

287 2221 490 2268 praestare
521 2221 652 2255 cetera
679 2210 804 2254 virtus
837 2211 1005 2264 potuit,
1055 2211 1127 2264 qui
1157 2211 1320 2254 Annal.
1356 2213 1389 2254 l.
1427 2215 1492 2258 16.
1522 2231 1565 2260 c.

289 2310 362 2352 33.
418 2296 468 2339 de
526 2296 677 2342 Cassio
721 2296 898 2351 quodam
944 2297 1267 2353 Asclepiodoto,
1321 2298 1395 2352 qui
1449 2301 1568 2346 fidem

286 2382 404 2425 etiam
445 2383 488 2424 in
534 2381 647 2426 duris
683 2382 804 2425 rebus
840 2384 969 2424 amico
1011 2395 1261 2437 servaverat,
1312 2388 1364 2429 ita
1400 2388 1562 2433 scribit:

288 2499 317 2520 „
346 2478 578 2521 exutusque
626 2469 819 2513 omnibus
856 2469 1063 2524 fortunis,
1113 2481 1153 2514 et
1198 2471 1240 2514 in
1280 2472 1462 2517 exsilium
1502 2487 1568 2517 ac-

288 2536 317 2606 h
347 2562 445 2608 tus;
509 2553 709 2609 aequitate
764 2556 898 2600 Deum
949 2568 1041 2612 erga
1078 2555 1184 2614 bona
1222 2558 1404 2616 malaque
1441 2561 1569 2605 docu-

1402 2675 1430 2699 ‚,
1459 2658 1568 2688 men-
