1970 3267
306 1457 330 1499 ἰή

868 205 1033 226 ‘¹'-
1543 217 1597 261 33

359 347 420 379 est
480 336 521 376 in
578 331 800 384 praesentia
868 329 1108 383 ostendere,
1163 341 1248 372 non
1304 331 1393 376 sine
1446 331 1585 386 aliquo

358 419 526 465 custode
561 428 717 460 tantum
756 429 863 471 opus
899 423 1027 467 stare,
1057 429 1130 459 nec
1154 416 1264 460 hu'nc
1299 417 1474 462 siderum
1500 431 1589 461 cer·

359 518 446 549 tum
486 505 715 548 discursum
749 502 906 546 fortuiti
938 493 1115 557 im‘petus
1145 515 1264 556 esse,
1299 513 1339 545 et
1377 515 1480 556 quae
1519 516 1585 547 ca-

356 602 428 633 sus
468 588 630 642 incitat,
671 601 791 644 saepe
838 587 990 633 turbari
1040 597 1080 631 et
1124 587 1208 631 cito
1251 588 1440 632 arietare:
1483 589 1592 634 hane

357 673 594 718 inoffensam
628 674 877 718 velocitatem
913 674 1131 729 procedere
1163 683 1345 717 aeternae
1375 674 1479 730 legis
1510 674 1586 718 im·

356 759 500 814 perio,
553 766 708 802 tantum
751 772 883 803 rerum
929 769 1035 803 terra
1097 760 1279 814 marique
1336 769 1557 814 gestantem
1574 790 1591 813 ‚

356 854 511 889 tantum
553 846 867 890 clarissimorum
908 846 1106 890 luminum
1144 855 1184 888 et
1220 859 1270 888 ex
1297 845 1588 900 <dispositione

360 932 607 976 lucentium:
648 944 733 975 non
775 944 866 976 esse
899 932 1084 975 materiae
1129 932 1297 974 errantis
1340 932 1450 975 hunc
1484 932 1593 975 ordi-

357 1029 481 1069 nem,
517 1029 649 1070 neque
678 1030 782 1070 quae
821 1027 970 1061 temere
1006 1018 1217 1069 coierunt,
1257 1027 1365 1059 tanta
1385 1028 1469 1059 arte
1492 1028 1594 1070 pen·

361 1103 455 1146 dere
472 1134 487 1155 ‚
519 1113 565 1147 ut
594 1112 789 1147 terrarum
825 1102 1107 1159 gravissimum
1143 1102 1307 1158 pondus
1341 1101 1477 1146 sedeat
1517 1101 1591 1145 im-

363 1199 550 1241 motum,
587 1199 627 1231 et
656 1189 759 1232 circa
793 1202 837 1232 se
872 1189 1127 1244 properantis
1162 1188 1263 1231 coeli
1295 1188 1432 1243 fugam
1476 1200 1593 1242 spec·

358 1284 447 1328 tet3
480 1285 525 1318 ut
559 1274 693 1319 infusa
728 1275 900 1319 vallibus
936 1276 1058 1318 maria
1092 1275 1273 1318 molliant
1313 1285 1466 1327 terras,
1513 1287 1588 1317 nec

359 1359 487 1402 ullum
523 1360 812 1404 incrementum
846 1360 1056 1405 fluminum
1101 1364 1301 1414 sentiant3
1339 1371 1386 1403 ut
1426 1373 1475 1403 ex
1515 1359 1590 1402 mi-

360 1444 480 1487 nimis
517 1446 738 1488 seminibus
778 1456 997 1489 nascantur
1035 1446 1228 1501 ingentia.
1299 1446 1366 1488 Ne
1394 1446 1458 1489 illa
1496 1443 1590 1499 qui-

358 1532 448 1572 dem
495 1544 599 1583 quae
643 1531 828 1574 videntur
883 1530 1058 1574 confusa
1106 1542 1146 1573 et
1193 1517 1377 1584 Ιἰηεεηει9
1424 1531 1592 1584 pluvias·

360 1616 452 1657 dico
487 1615 728 1669 nubesque,
769 1627 807 1658 et
853 1616 1047 1659 elisorum
1096 1615 1311 1659 fulminum
1352 1617 1507 1669 iactus,
1548 1626 1590 1658 et

359 1701 545 1744 incendia.
573 1702 707 1756 ruptis.
736 1693 934 1745 moneium
987 1701 1203 1744 verticibus
1241 1701 1397 1754 effusa,
1436 1685 1607 1771 'tremog

361 1801 425 1832 res
460 1787 630 1831 labantis
674 1788 777 1841 soli,
814 1797 854 1831 et
883 1787 958 1831 alia
991 1801 1092 1842 quae
1127 1789 1379 1832 tumultuosa
1413 1801 1505 1842 pars
1528 1801 1592 1838 re·

287 1869 291 1876 ’
358 1886 447 1916 rum
486 1873 588 1916 circa
642 1883 765 1916 terras
816 1883 977 1926 movet,
1028 1874 1114 1916 sine
1166 1874 1356 1926 ratione,
1400 1874 1588 1927 quamvis

359 1959 493 2002 subita
528 1959 642 2012 sint,
677 1959 885 2005 accidunt:
920 1960 991 2002 sed
1025 1972 1119 2005 suas
1163 1970 1201 2002 et
1229 1959 1294 2001 illa
1333 1972 1474 2002 causas
1517 1960 1603 2027 ᾔει-ι

1496 2043 1603 2096 bers„

348 2139 542 2178 Molliunt.
600 2139 771 2179 Codices
810 2141 997 2191 quosdam
1043 2140 1182 2178 habere
1228 2142 1463 2179 commoliunt
1486 2169 1498 2186 ‚
1544 2142 1596 2180 ait

294 2205 402 2243 rinc.
444 2206 546 2245 unde
584 2207 744 2254 conjicit
786 2215 960 2244 moveant
992 2218 1021 2245 s.
1054 2215 1328 2245 commoveant,
1365 2219 1445 2254 quo
1476 2207 1607 2244 modo'

295 2270 503 2319 Neptunus
550 2283 569 2309 a
612 2273 740 2321 poetis
781 2272 991 2324 ἐνσσὲγαιος
1034 2273 1196 2312 dicatur.
1250 2273 1381 2311 Malim
1413 2273 1595 2323 equidem

295 2342 487 2388 vulgatam
521 2342 693 2380 retlnere.

351 2417 386 2450 3.
436 2409 637 2447 Labantis.
684 2406 784 2446 Cod.
817 2407 930 2447 Voss.
963 2409 1149 2455 labenti53
1180 2410 1257 2447 hoc
1289 2420 1413 2448 autem
1436 2410 1597 2456 cadere,

298 2468 391 2505 illud
423 2476 588 2506 tremere
619 2468 822 2515 significat.
875 2470 978 2509 Cod.
1012 2472 1156 2510 Fabric.
1191 2474 1442 2521 labantisque.

347 2532 402 2569 Et
429 2535 525 2572 alia.
577 2534 676 2572 cod.
710 2535 823 2573 Voss.
850 2536 1030 2585 aliaque,
1056 2539 1162 2588 quod
1187 2538 1276 2577 oxiri
1309 2541 1436 2586 patuit
1463 2550 1484 2578 e
1513 2549 1597 2588 seq.

296 2610 392 2648 quae
421 2609 489 2647 per
526 2600 688 2648 simplex
721 2612 740 2636 e
774 2602 934 2649 scripto.

1028 2667 1078 2705 E'
1407 2674 1416 2685 ‘
1530 2663 1611 2711 Sed.
