1970 3267
356 158 417 214 64
924 164 1091 204 =

417 290 523 338 tium
553 299 642 344 est,
671 296 767 333 cum
806 285 1000 333 universo
1034 287 1138 344 rapi.
1195 284 1410 344 Quidquid
1445 293 1510 330 est
1541 288 1656 342 quod

421 390 502 425 nos
522 374 581 420 sic
601 375 740 419 vivere
760 374 880 418 iussit
895 406 911 428 ,
940 373 999 418 sic
1022 375 1149 419 mori:
1182 374 1318 418 eadem
1346 372 1585 418 necessitate
1601 384 1659 421 ,et

418 468 538 510 Deos
563 463 714 519 alligat.
751 459 1026 505 irrevocabilis
1057 460 1231 504 humana
1260 458 1411 514 pariter
1437 473 1484 504 ac
1509 460 1660 506 Divina

415 564 567 596 cursus
605 550 737 596 vehit.
784 549 857 592 Ille
890 548 979 603 ipse
1017 547 1201 592 omnium
1226 549 1415 593 conditor
1443 561 1491 592 ac
1527 560 1662 596 rector

422 638 588 694 scripsit
624 636 788 693 quidem
827 635 947 690 fita,
968 634 1041 678 sed
1072 635 1287 689 sequitur:
1316 648 1478 692 semper
1511 648 1660 693 paret,

367 736 397 781 7
423 724 549 769 semel
603 723 739 769 iussit.
801 753 829 776 „
858 721 995 781 Quare
1034 729 1170 765 tamen
1211 721 1329 767 Deus
1374 733 1455 769 tam
1491 724 1661 781 iniquus

389 869 393 873 „
427 839 457 863 „
484 809 527 852 in
562 807 847 852 distributione
884 804 956 850 fati
986 805 1095 861 fuit,
1114 817 1161 851 ut
1185 806 1305 852 bonis
1330 808 1427 856 viris
1447 824 1662 870 pauperta.

425 923 456 950 ,,
484 904 565 938 tem
580 894 805 950 ,vulnera,
828 902 870 936 et
886 892 1028 937 acerba
1053 891 1197 938 funera
1216 891 1491 941 adscriberet?
1504 896 1533 916 ”
1558 897 1662 942 Non

422 992 564 1039 potest
604 981 748 1029 artifex
795 989 950 1025 mutare
1002 980 1236 1024 materiem:
1290 982 1390 1026 haee
1426 994 1545 1039 paam
1580 995 1659 1028 est.

386 1106 391 1111 ,
424 1070 635 1129 Quaedam
658 1069 832 1126 separari
852 1083 876 1114 a
897 1068 1140 1125 quibusdam
1164 1082 1250 1115 non
1272 1083 1451 1126 possunt
1468 1104 1486 1127 ‚
1517 1072 1663 1117 cohae-

422 1167 516 1203 rent
532 1190 548 1213 ‚
583 1157 789 1201 individua
812 1165 929 1200 sunt.
972 1155 1184 1212 Languida
1216 1157 1376 1213 ingenia
1393 1189 1408 1212 ‚
1429 1157 1531 1202 etin
1556 1170 1667 1202 som·

424 1257 526 1290 num
557 1245 693 1299 itura,
722 1254 794 1288 aut
817 1244 860 1286 in
888 1243 1061 1298 vigiliam
1094 1255 1244 1288 somno
1266 1244 1534 1300 simillimam,
1560 1246 1665 1289 iner-

424 1332 537 1376 tibus
575 1340 794 1375 nectuntur
814 1309 1050 1375 elemehtis:
1082 1339 1130 1374 ut
1154 1329 1346 1375 efficiatur
1366 1331 1429 1376 vir
1447 1345 1542 1377 cum
1566 1346 1666 1378 cura

428 1417 654 1471 dicendus,
696 1415 866 1460 fortiore
889 1415 976 1460 fato
1002 1429 1110 1472 opus
1142 1428 1222 1461 est.
1281 1417 1384 1462 Non
1404 1419 1480 1463 erit
1498 1419 1555 1463 illi
1580 1403 1684 1476 pla--

428 1517 529 1551 uum
556 1504 655 1549 iter:
686 1514 851 1549 sursum
884 1510 1051 1557 oportet
1069 1514 1116 1546 ac
1137 1501 1329 1548 deorsum
1369 1514 1434 1549 eat
1448 1537 1464 1559 ‚
1497 1504 1669 1550 fluctue-

432 1603 502 1636 tur
517 1623 534 1646 ‚
553 1605 598 1635 ac
622 1592 829 1648 navigium
852 1591 895 1635 in
922 1591 1089 1637 turbido
1113 1602 1245 1648 regat.
1284 1600 1429 1637 contra
1460 1592 1669 1638 fortunam

380 1682 406 1725 8
435 1679 492 1723 illi
528 1679 729 1723 tenendus
766 1689 831 1723 est
863 1691 1032 1725 cursus.
1090 1679 1227 1724 Multa
1256 1679 1439 1725 accident
1458 1681 1587 1736 dura,
1610 1694 1675 1726 as·

431 1778 554 1821 pera,
588 1766 660 1809 sed
686 1778 791 1820 quae
813 1765 967 1809 molliat
1001 1774 1043 1809 et
1070 1766 1303 1822 complanet
1328 1766 1433 1822 ipse.
1465 1767 1575 1824 Ignis
1600 1781 1673 1813 au·

1581 1865 1674 1898 rum

424 2011 462 2052 8.
492 2012 619 2052 ⁴Haec
653 2022 769 2064 passa
812 2022 881 2053 est.
935 2042 965 2062 ,‚
994 2007 1160 2055 Materia
1190 2024 1299 2064 passa
1334 2022 1418 2061 est,
1464 2021 1508 2052 ut
1542 2011 1683 2051 forma-

373 2080 545 2121 returin
578 2079 643 2127 id,
670 2081 776 2128 quod
795 2079 877 2120 fieri
899 2081 1073 2130 potuit.”
1098 2084 1156 2119 Ita
1180 2079 1316 2119 Ruhk.
1345 2079 1458 2119 Fabr.
1478 2075 1546 2115 hoc
1565 2084 1683 2126 passa

375 2152 443 2185 est.

423 2208 629 2249 Dicendus,
680 2213 771 2249 Aru.
801 2207 941 2249 dicens.
996 2208 1065 2247 1112
1094 2218 1190 2247 vero
1224 2208 1397 2247 dictione
1429 2211 1578 2257 saepius
1610 2204 1686 2244 utro·

377 2284 463 2321 tur,
498 2285 543 2314 ut
565 2274 611 2313 de
631 2275 771 2324 Tranq.
801 2280 881 2317 An.
909 2275 1024 2321 xlv.
1054 2278 1092 2314 6.
1128 2285 1166 2313 et
1197 2274 1241 2313 de
1268 2273 1401 2321 Bencf.
1433 2273 1517 2321 IV,
1559 2283 1595 2313 ι.
1615 2270 1683 2311 ubi

379 2341 599 2381 Sallustium
635 2339 717 2390 ejus
751 2350 949 2379 auctorem
978 2340 1117 2380 laudnt.
1464 2333 1466 2335 ’

431 2410 467 2445 8.
492 2405 669 2445 Molliat.
694 2405 803 2445 Fabr.
831 2406 1019 2445 molliant.
1071 2404 1175 2445 Mox
1205 2407 1322 2445 scae'ens
1351 2415 1425 2455 pro
1454 2407 1558 2444 scies.

376 2470 592 2510 Ascendere
624 2480 669 2509 an
704 2469 898 2509 escendere
928 2469 1088 2519 singulis
1120 2468 1215 2508 locls
1253 2468 1458 2519 legendum
1490 2468 1566 2515 sit,
1592 2464 1688 2506 diffi-

378 2538 456 2576 cile
476 2547 534 2577 est
564 2537 610 2577 ad
641 2536 924 2576 definiendum:
946 2536 1033 2585 quis
1068 2535 1197 2580 dicat,
1231 2545 1275 2574 an
1298 2544 1504 2584 utrumque
1525 2533 1687 2572 formam

381 2601 527 2642 Seneca
568 2601 838 2654 usurpaverit?
885 2599 1155 2652 Ruhkopfium
1193 2599 1233 2639 {n
1275 2599 1336 2639 hls
1377 2608 1535 2654 secutus
1588 2607 1690 2638 sum·

1634 2660 1688 2701 H.
