<?xml version="1.0" encoding="UTF-8"?>
<!DOCTYPE html PUBLIC "-//W3C//DTD XHTML 1.0 Transitional//EN"
    "http://www.w3.org/TR/xhtml1/DTD/xhtml1-transitional.dtd">
<html xmlns="http://www.w3.org/1999/xhtml" xml:lang="en" lang="en">
 <head>
  <title>
</title>
<meta http-equiv="Content-Type" content="text/html;charset=utf-8" />
  <meta name='ocr-system' content='tesseract 3.04.00' />
  <meta name='ocr-capabilities' content='ocr_page ocr_carea ocr_par ocr_line ocrx_word'/>
</head>
<body>
  <div class='ocr_page' id='page_1' title='image "4738098_0032.png"; bbox 0 0 1970 3267; ppageno 0'>
   <div class='ocr_carea' id='block_1_1' title="bbox 351 196 1080 237">
    <p class='ocr_par' dir='ltr' id='par_1_1' title="bbox 351 196 1080 237">
     <span class='ocr_line' id='line_1_1' title="bbox 351 196 1080 237; baseline -0.003 -20"><span class='ocrx_word' id='word_1_1' title='bbox 351 203 408 237; x_wconf 70' lang='lat'><strong>22</strong></span> <span class='ocrx_word' id='word_1_2' title='bbox 916 196 1080 217; x_wconf 57' lang='grc'><em>*</em></span> 
     </span>
    </p>
   </div>
   <div class='ocr_carea' id='block_1_2' title="bbox 917 222 1080 235">
    <p class='ocr_par' dir='ltr' id='par_1_2' title="bbox 917 222 1080 235">
     <span class='ocr_line' id='line_1_2' title="bbox 917 222 1080 235; baseline 0 3032"><span class='ocrx_word' id='word_1_3' title='bbox 917 222 1080 235; x_wconf 95' lang='lat' dir='ltr'><strong> </strong></span> 
     </span>
    </p>
   </div>
   <div class='ocr_carea' id='block_1_3' title="bbox 352 318 1673 2630">
    <p class='ocr_par' dir='ltr' id='par_1_3' title="bbox 352 318 1673 2630">
     <span class='ocr_line' id='line_1_3' title="bbox 352 318 1644 381; baseline -0.007 -13"><span class='ocrx_word' id='word_1_4' title='bbox 352 324 434 381; x_wconf 79' lang='lat' dir='ltr'><strong>iam</strong></span> <span class='ocrx_word' id='word_1_5' title='bbox 469 323 702 369; x_wconf 88' lang='lat' dir='ltr'><strong>videndum.</strong></span> <span class='ocrx_word' id='word_1_6' title='bbox 752 320 858 362; x_wconf 90' lang='lat' dir='ltr'><strong>Sunt</strong></span> <span class='ocrx_word' id='word_1_7' title='bbox 883 318 1017 371; x_wconf 89' lang='lat' dir='ltr'><strong>enim,</strong></span> <span class='ocrx_word' id='word_1_8' title='bbox 1049 318 1120 371; x_wconf 90' lang='lat' dir='ltr'><strong>qui</strong></span> <span class='ocrx_word' id='word_1_9' title='bbox 1162 325 1333 372; x_wconf 84' lang='lat' dir='ltr'><strong>negent,</strong></span> <span class='ocrx_word' id='word_1_10' title='bbox 1363 325 1527 371; x_wconf 83' lang='lat' dir='ltr'><strong>magnae</strong></span> <span class='ocrx_word' id='word_1_11' title='bbox 1548 327 1644 359; x_wconf 83' lang='lat' dir='ltr'><strong>auc-</strong></span> 
     </span>
     <span class='ocr_line' id='line_1_4' title="bbox 355 403 1647 461; baseline -0.008 -7"><span class='ocrx_word' id='word_1_12' title='bbox 355 409 528 455; x_wconf 88' lang='lat' dir='ltr'><strong>toritatis</strong></span> <span class='ocrx_word' id='word_1_13' title='bbox 576 408 687 452; x_wconf 88' lang='lat' dir='ltr'><strong>Viri.</strong></span> <span class='ocrx_word' id='word_1_14' title='bbox 743 406 954 460; x_wconf 88' lang='lat' dir='ltr'>Siquidem</span> <span class='ocrx_word' id='word_1_15' title='bbox 1006 406 1057 448; x_wconf 88' lang='lat' dir='ltr'><strong>ad</strong></span> <span class='ocrx_word' id='word_1_16' title='bbox 1093 421 1129 450; x_wconf 89' lang='lat' dir='ltr'><strong>c.</strong></span> <span class='ocrx_word' id='word_1_17' title='bbox 1181 419 1204 461; x_wconf 84' lang='lat'>3</span> <span class='ocrx_word' id='word_1_18' title='bbox 1241 406 1282 459; x_wconf 86' lang='lat'><strong>§.</strong></span> <span class='ocrx_word' id='word_1_19' title='bbox 1325 417 1366 450; x_wconf 83' lang='lat'><strong>¹.</strong></span> <span class='ocrx_word' id='word_1_20' title='bbox 1405 403 1477 448; x_wconf 91' lang='lat' dir='ltr'><strong>ubi</strong></span> <span class='ocrx_word' id='word_1_21' title='bbox 1521 403 1647 457; x_wconf 86' lang='lat' dir='ltr'><strong>scrip-</strong></span> 
     </span>
     <span class='ocr_line' id='line_1_5' title="bbox 355 490 1645 548; baseline -0.006 -7"><span class='ocrx_word' id='word_1_22' title='bbox 355 508 420 541; x_wconf 87' lang='lat' dir='ltr'><strong>tor</strong></span> <span class='ocrx_word' id='word_1_23' title='bbox 453 496 676 540; x_wconf 89' lang='lat' dir='ltr'><strong>disserendi</strong></span> <span class='ocrx_word' id='word_1_24' title='bbox 702 495 885 539; x_wconf 89' lang='lat' dir='ltr'><strong>ordinem</strong></span> <span class='ocrx_word' id='word_1_25' title='bbox 920 505 1160 548; x_wconf 87' lang='lat' dir='ltr'><strong>proponens</strong></span> <span class='ocrx_word' id='word_1_26' title='bbox 1196 490 1435 536; x_wconf 84' lang='lat' dir='ltr'><strong>enumeratis</strong></span> <span class='ocrx_word' id='word_1_27' title='bbox 1469 500 1645 545; x_wconf 90' lang='lat' dir='ltr'><strong>quatuor</strong></span> 
     </span>
     <span class='ocr_line' id='line_1_6' title="bbox 352 578 1648 639; baseline -0.004 -11"><span class='ocrx_word' id='word_1_28' title='bbox 352 584 538 639; x_wconf 89' lang='lat' dir='ltr'><strong>partibus</strong></span> <span class='ocrx_word' id='word_1_29' title='bbox 587 584 641 628; x_wconf 89' lang='lat' dir='ltr'><strong>ita</strong></span> <span class='ocrx_word' id='word_1_30' title='bbox 673 581 806 639; x_wconf 86' lang='lat' dir='ltr'><strong>pergit</strong></span> <span class='ocrx_word' id='word_1_31' title='bbox 864 611 892 634; x_wconf 85' lang='lat'><strong>‚,</strong></span> <span class='ocrx_word' id='word_1_32' title='bbox 921 580 1177 634; x_wconf 86' lang='lat' dir='ltr'><strong>persuadebo</strong></span> <span class='ocrx_word' id='word_1_33' title='bbox 1216 579 1308 623; x_wconf 90' lang='lat' dir='ltr'><strong>inde</strong></span> <span class='ocrx_word' id='word_1_34' title='bbox 1349 578 1452 635; x_wconf 87' lang='lat' dir='ltr'><strong>tibi,</strong></span> <span class='ocrx_word' id='word_1_35' title='bbox 1492 592 1544 624; x_wconf 90' lang='lat' dir='ltr'><strong>ne</strong></span> <span class='ocrx_word' id='word_1_36' title='bbox 1572 592 1648 624; x_wconf 90' lang='lat' dir='ltr'><strong>un-</strong></span> 
     </span>
     <span class='ocr_line' id='line_1_7' title="bbox 359 666 1653 727; baseline -0.006 -11"><span class='ocrx_word' id='word_1_37' title='bbox 359 700 389 727; x_wconf 86' lang='lat'>„</span> <span class='ocrx_word' id='word_1_38' title='bbox 419 684 541 726; x_wconf 91' lang='lat' dir='ltr'><strong>quam</strong></span> <span class='ocrx_word' id='word_1_39' title='bbox 583 671 685 716; x_wconf 93' lang='lat' dir='ltr'><strong>boni</strong></span> <span class='ocrx_word' id='word_1_40' title='bbox 715 670 793 716; x_wconf 90' lang='lat' dir='ltr'><strong>viri</strong></span> <span class='ocrx_word' id='word_1_41' title='bbox 830 668 1050 713; x_wconf 88' lang='lat' dir='ltr'><strong>miserearis</strong></span> <span class='ocrx_word' id='word_1_42' title='bbox 1067 699 1083 720; x_wconf 90' lang='lat'>‚</span> <span class='ocrx_word' id='word_1_43' title='bbox 1117 677 1256 721; x_wconf 91' lang='lat' dir='ltr'><strong>potest</strong></span> <span class='ocrx_word' id='word_1_44' title='bbox 1295 669 1401 712; x_wconf 91' lang='lat' dir='ltr'><strong>enim</strong></span> <span class='ocrx_word' id='word_1_45' title='bbox 1435 667 1558 710; x_wconf 90' lang='lat' dir='ltr'><strong>miser</strong></span> <span class='ocrx_word' id='word_1_46' title='bbox 1592 666 1653 709; x_wconf 82' lang='lat' dir='ltr'><strong>di-</strong></span> 
     </span>
     <span class='ocr_line' id='line_1_8' title="bbox 361 751 1653 812; baseline -0.005 -11"><span class='ocrx_word' id='word_1_47' title='bbox 361 787 391 812; x_wconf 77' lang='lat'><strong>„</strong></span> <span class='ocrx_word' id='word_1_48' title='bbox 418 758 484 812; x_wconf 90' lang='lat' dir='ltr'><strong>ci,</strong></span> <span class='ocrx_word' id='word_1_49' title='bbox 514 769 600 801; x_wconf 91' lang='lat' dir='ltr'><strong>non</strong></span> <span class='ocrx_word' id='word_1_50' title='bbox 638 766 777 811; x_wconf 87' lang='lat' dir='ltr'><strong>potest</strong></span> <span class='ocrx_word' id='word_1_51' title='bbox 819 767 908 798; x_wconf 92' lang='lat' dir='ltr'><strong>esse</strong></span> <span class='ocrx_word' id='word_1_52' title='bbox 948 783 985 807; x_wconf 88' lang='lat'><strong>„</strong></span> <span class='ocrx_word' id='word_1_53' title='bbox 1008 751 1058 795; x_wconf 89' lang='lat' dir='ltr'><strong>ad</strong></span> <span class='ocrx_word' id='word_1_54' title='bbox 1093 765 1185 795; x_wconf 91' lang='lat' dir='ltr'><strong>eum</strong></span> <span class='ocrx_word' id='word_1_55' title='bbox 1217 753 1340 808; x_wconf 86' lang='lat' dir='ltr'><strong>igitur</strong></span> <span class='ocrx_word' id='word_1_56' title='bbox 1362 754 1498 797; x_wconf 92' lang='lat' dir='ltr'><strong>locum</strong></span> <span class='ocrx_word' id='word_1_57' title='bbox 1531 751 1653 806; x_wconf 89' lang='lat' dir='ltr'><strong>Lip-</strong></span> 
     </span>
     <span class='ocr_line' id='line_1_9' title="bbox 358 831 1652 899; baseline -0.003 -11"><span class='ocrx_word' id='word_1_58' title='bbox 358 844 481 888; x_wconf 88' lang='lat' dir='ltr'><strong>sius</strong></span> <span class='ocrx_word' id='word_1_59' title='bbox 546 842 914 899; x_wconf 70' lang='grc' dir='ltr'><strong>παρονομαςτικῶς,</strong></span> <span class='ocrx_word' id='word_1_60' title='bbox 980 852 1027 884; x_wconf 93' lang='lat' dir='ltr'><strong>ut</strong></span> <span class='ocrx_word' id='word_1_61' title='bbox 1078 831 1263 884; x_wconf 86' lang='lat' dir='ltr'><strong>solebat:</strong></span> <span class='ocrx_word' id='word_1_62' title='bbox 1328 871 1355 894; x_wconf 91' lang='lat'><strong>„</strong></span> <span class='ocrx_word' id='word_1_63' title='bbox 1396 840 1507 884; x_wconf 88' lang='lat' dir='ltr'><strong>Haec</strong></span> <span class='ocrx_word' id='word_1_64' title='bbox 1556 853 1652 895; x_wconf 88' lang='lat' dir='ltr'><strong>pars</strong></span> 
     </span>
     <span class='ocr_line' id='line_1_10' title="bbox 358 924 1653 984; baseline -0.001 -14"><span class='ocrx_word' id='word_1_65' title='bbox 358 927 462 984; x_wconf 83' lang='lat' dir='ltr'><strong>„in</strong></span> <span class='ocrx_word' id='word_1_66' title='bbox 509 925 592 970; x_wconf 89' lang='lat' dir='ltr'><strong>fine</strong></span> <span class='ocrx_word' id='word_1_67' title='bbox 633 925 772 979; x_wconf 80' lang='lat' dir='ltr'><strong>deest,</strong></span> <span class='ocrx_word' id='word_1_68' title='bbox 818 933 1050 980; x_wconf 88' lang='lat' dir='ltr'><strong>temporum</strong></span> <span class='ocrx_word' id='word_1_69' title='bbox 1100 924 1273 981; x_wconf 82' lang='lat' dir='ltr'><strong>injuria,</strong></span> <span class='ocrx_word' id='word_1_70' title='bbox 1317 937 1402 970; x_wconf 89' lang='lat' dir='ltr'><strong>non</strong></span> <span class='ocrx_word' id='word_1_71' title='bbox 1441 924 1653 980; x_wconf 87' lang='lat' dir='ltr'><strong>scriptoris</strong></span> 
     </span>
     <span class='ocr_line' id='line_1_11' title="bbox 361 1009 1656 1068; baseline 0.001 -13"><span class='ocrx_word' id='word_1_72' title='bbox 361 1043 392 1068; x_wconf 86' lang='lat'>„</span> <span class='ocrx_word' id='word_1_73' title='bbox 421 1012 626 1058; x_wconf 87' lang='lat' dir='ltr'><strong>incuria.’&#39;</strong></span> <span class='ocrx_word' id='word_1_74' title='bbox 684 1012 731 1055; x_wconf 88' lang='lat' dir='ltr'><strong>In</strong></span> <span class='ocrx_word' id='word_1_75' title='bbox 770 1012 936 1055; x_wconf 86' lang='lat' dir='ltr'><strong>eandem</strong></span> <span class='ocrx_word' id='word_1_76' title='bbox 985 1009 1071 1054; x_wconf 88' lang='lat' dir='ltr'><strong>fere</strong></span> <span class='ocrx_word' id='word_1_77' title='bbox 1116 1012 1356 1056; x_wconf 88' lang='lat' dir='ltr'><strong>sententiam</strong></span> <span class='ocrx_word' id='word_1_78' title='bbox 1398 1011 1656 1066; x_wconf 87' lang='lat' dir='ltr'><strong>Ruhkop-</strong></span> 
     </span>
     <span class='ocr_line' id='line_1_12' title="bbox 360 1098 1655 1155; baseline -0.001 -11"><span class='ocrx_word' id='word_1_79' title='bbox 360 1098 475 1145; x_wconf 86' lang='lat' dir='ltr'><strong>fius</strong></span> <span class='ocrx_word' id='word_1_80' title='bbox 523 1101 574 1144; x_wconf 90' lang='lat' dir='ltr'><strong>ad</strong></span> <span class='ocrx_word' id='word_1_81' title='bbox 607 1114 699 1145; x_wconf 91' lang='lat' dir='ltr'><strong>eum</strong></span> <span class='ocrx_word' id='word_1_82' title='bbox 739 1100 876 1144; x_wconf 90' lang='lat' dir='ltr'><strong>locum</strong></span> <span class='ocrx_word' id='word_1_83' title='bbox 922 1099 1147 1144; x_wconf 82' lang='lat' dir='ltr'><strong>annotavit.</strong></span> <span class='ocrx_word' id='word_1_84' title='bbox 1204 1100 1505 1145; x_wconf 82' lang='lat' dir='ltr'><strong>Fabricius</strong></span> <span class='ocrx_word' id='word_1_85' title='bbox 1551 1113 1655 1155; x_wconf 91' lang='lat' dir='ltr'><strong>quo-</strong></span> 
     </span>
     <span class='ocr_line' id='line_1_13' title="bbox 364 1186 1656 1245; baseline -0.002 -12"><span class='ocrx_word' id='word_1_86' title='bbox 364 1200 473 1243; x_wconf 85' lang='lat' dir='ltr'><strong>que,</strong></span> <span class='ocrx_word' id='word_1_87' title='bbox 516 1187 592 1232; x_wconf 90' lang='lat' dir='ltr'><strong>sed</strong></span> <span class='ocrx_word' id='word_1_88' title='bbox 641 1186 920 1242; x_wconf 84' lang='lat' dir='ltr'><strong>dubitantius,</strong></span> <span class='ocrx_word' id='word_1_89' title='bbox 971 1186 1080 1231; x_wconf 86' lang='lat' dir='ltr'><strong>Bibl.</strong></span> <span class='ocrx_word' id='word_1_90' title='bbox 1119 1187 1227 1232; x_wconf 86' lang='lat' dir='ltr'><strong>Lat.</strong></span> <span class='ocrx_word' id='word_1_91' title='bbox 1273 1198 1321 1245; x_wconf 87' lang='lat' dir='ltr'><strong>p.</strong></span> <span class='ocrx_word' id='word_1_92' title='bbox 1365 1200 1468 1242; x_wconf 84' lang='lat'>105:</span> <span class='ocrx_word' id='word_1_93' title='bbox 1512 1219 1549 1242; x_wconf 89' lang='lat'>„</span> <span class='ocrx_word' id='word_1_94' title='bbox 1591 1188 1656 1232; x_wconf 86' lang='lat' dir='ltr'><strong>De</strong></span> 
     </span>
     <span class='ocr_line' id='line_1_14' title="bbox 361 1274 1659 1329; baseline 0.001 -12"><span class='ocrx_word' id='word_1_95' title='bbox 361 1305 399 1329; x_wconf 91' lang='lat'>„</span> <span class='ocrx_word' id='word_1_96' title='bbox 427 1274 684 1318; x_wconf 83' lang='lat' dir='ltr'><strong>Providentia</strong></span> <span class='ocrx_word' id='word_1_97' title='bbox 718 1275 846 1328; x_wconf 89' lang='lat' dir='ltr'><strong>liber,</strong></span> <span class='ocrx_word' id='word_1_98' title='bbox 878 1283 1083 1327; x_wconf 87' lang='lat' dir='ltr'><strong>extrema,</strong></span> <span class='ocrx_word' id='word_1_99' title='bbox 1114 1282 1162 1317; x_wconf 90' lang='lat' dir='ltr'><strong>ut</strong></span> <span class='ocrx_word' id='word_1_100' title='bbox 1195 1274 1383 1328; x_wconf 88' lang='lat' dir='ltr'><strong>videtur,</strong></span> <span class='ocrx_word' id='word_1_101' title='bbox 1422 1285 1537 1328; x_wconf 88' lang='lat' dir='ltr'><strong>parte</strong></span> <span class='ocrx_word' id='word_1_102' title='bbox 1569 1287 1659 1318; x_wconf 86' lang='lat' dir='ltr'><strong>mu·</strong></span> 
     </span>
     <span class='ocr_line' id='line_1_15' title="bbox 363 1359 1657 1416; baseline 0 -13"><span class='ocrx_word' id='word_1_103' title='bbox 363 1393 400 1416; x_wconf 89' lang='lat'>„</span> <span class='ocrx_word' id='word_1_104' title='bbox 429 1359 578 1405; x_wconf 87' lang='lat' dir='ltr'><strong>tilus.”</strong></span> <span class='ocrx_word' id='word_1_105' title='bbox 636 1359 860 1415; x_wconf 86' lang='lat' dir='ltr'><strong>Rationes,</strong></span> <span class='ocrx_word' id='word_1_106' title='bbox 892 1359 1044 1415; x_wconf 90' lang='lat' dir='ltr'><strong>quibus</strong></span> <span class='ocrx_word' id='word_1_107' title='bbox 1084 1359 1151 1404; x_wconf 93' lang='lat' dir='ltr'><strong>hic</strong></span> <span class='ocrx_word' id='word_1_108' title='bbox 1188 1359 1231 1403; x_wconf 91' lang='lat' dir='ltr'><strong>in</strong></span> <span class='ocrx_word' id='word_1_109' title='bbox 1284 1372 1371 1404; x_wconf 89' lang='lat' dir='ltr'><strong>eam</strong></span> <span class='ocrx_word' id='word_1_110' title='bbox 1416 1359 1657 1404; x_wconf 88' lang='lat' dir='ltr'><strong>sententiam</strong></span> 
     </span>
     <span class='ocr_line' id='line_1_16' title="bbox 363 1446 1657 1503; baseline -0.002 -11"><span class='ocrx_word' id='word_1_111' title='bbox 363 1448 564 1493; x_wconf 89' lang='lat' dir='ltr'><strong>adductus</strong></span> <span class='ocrx_word' id='word_1_112' title='bbox 615 1447 698 1501; x_wconf 90' lang='lat' dir='ltr'><strong>sit,</strong></span> <span class='ocrx_word' id='word_1_113' title='bbox 741 1460 835 1491; x_wconf 91' lang='lat' dir='ltr'><strong>cum</strong></span> <span class='ocrx_word' id='word_1_114' title='bbox 883 1447 972 1501; x_wconf 89' lang='lat' dir='ltr'><strong>ipse</strong></span> <span class='ocrx_word' id='word_1_115' title='bbox 1017 1459 1103 1490; x_wconf 92' lang='lat' dir='ltr'><strong>non</strong></span> <span class='ocrx_word' id='word_1_116' title='bbox 1144 1446 1458 1502; x_wconf 86' lang='lat' dir='ltr'><strong>significaverit,</strong></span> <span class='ocrx_word' id='word_1_117' title='bbox 1495 1447 1657 1503; x_wconf 87' lang='lat' dir='ltr'><strong>ignora-</strong></span> 
     </span>
     <span class='ocr_line' id='line_1_17' title="bbox 365 1532 1660 1588; baseline 0.001 -11"><span class='ocrx_word' id='word_1_118' title='bbox 365 1547 488 1588; x_wconf 81' lang='lat' dir='ltr'><strong>mus3</strong></span> <span class='ocrx_word' id='word_1_119' title='bbox 519 1546 767 1588; x_wconf 87' lang='lat' dir='ltr'><strong>quamquam</strong></span> <span class='ocrx_word' id='word_1_120' title='bbox 814 1532 1013 1588; x_wconf 88' lang='lat' dir='ltr'><strong>suspicari</strong></span> <span class='ocrx_word' id='word_1_121' title='bbox 1045 1533 1139 1577; x_wconf 89' lang='lat' dir='ltr'><strong>licet</strong></span> <span class='ocrx_word' id='word_1_122' title='bbox 1153 1565 1170 1588; x_wconf 95' lang='lat'><strong>,</strong></span> <span class='ocrx_word' id='word_1_123' title='bbox 1224 1534 1391 1577; x_wconf 89' lang='lat' dir='ltr'><strong>eandem</strong></span> <span class='ocrx_word' id='word_1_124' title='bbox 1428 1533 1496 1588; x_wconf 87' lang='lat' dir='ltr'><strong>ei,</strong></span> <span class='ocrx_word' id='word_1_125' title='bbox 1536 1547 1660 1588; x_wconf 88' lang='lat' dir='ltr'><strong>quam</strong></span> 
     </span>
     <span class='ocr_line' id='line_1_18' title="bbox 367 1618 1662 1677; baseline 0.001 -14"><span class='ocrx_word' id='word_1_126' title='bbox 367 1619 450 1664; x_wconf 89' lang='lat' dir='ltr'><strong>illis</strong></span> <span class='ocrx_word' id='word_1_127' title='bbox 466 1651 482 1675; x_wconf 91' lang='lat'><strong>,</strong></span> <span class='ocrx_word' id='word_1_128' title='bbox 522 1631 684 1664; x_wconf 89' lang='lat' dir='ltr'><strong>causam</strong></span> <span class='ocrx_word' id='word_1_129' title='bbox 720 1618 882 1676; x_wconf 89' lang='lat' dir='ltr'><strong>fuisse,</strong></span> <span class='ocrx_word' id='word_1_130' title='bbox 925 1620 1040 1675; x_wconf 91' lang='lat' dir='ltr'><strong>quod</strong></span> <span class='ocrx_word' id='word_1_131' title='bbox 1074 1633 1097 1662; x_wconf 88' lang='lat' dir='ltr'><strong>e</strong></span> <span class='ocrx_word' id='word_1_132' title='bbox 1139 1619 1321 1676; x_wconf 91' lang='lat' dir='ltr'><strong>quinque</strong></span> <span class='ocrx_word' id='word_1_133' title='bbox 1356 1620 1542 1677; x_wconf 88' lang='lat' dir='ltr'><strong>partibus</strong></span> <span class='ocrx_word' id='word_1_134' title='bbox 1565 1633 1662 1677; x_wconf 91' lang='lat' dir='ltr'><strong>pro·</strong></span> 
     </span>
     <span class='ocr_line' id='line_1_19' title="bbox 368 1706 1664 1765; baseline 0 -14"><span class='ocrx_word' id='word_1_135' title='bbox 368 1706 518 1765; x_wconf 87' lang='lat' dir='ltr'><strong>positis</strong></span> <span class='ocrx_word' id='word_1_136' title='bbox 556 1719 638 1752; x_wconf 89' lang='lat' dir='ltr'><strong>una</strong></span> <span class='ocrx_word' id='word_1_137' title='bbox 679 1707 962 1762; x_wconf 86' lang='lat' dir='ltr'><strong>praetermissa</strong></span> <span class='ocrx_word' id='word_1_138' title='bbox 998 1707 1218 1752; x_wconf 90' lang='lat' dir='ltr'><strong>videretur.</strong></span> <span class='ocrx_word' id='word_1_139' title='bbox 1279 1708 1337 1754; x_wconf 91' lang='lat' dir='ltr'><strong>Et</strong></span> <span class='ocrx_word' id='word_1_140' title='bbox 1380 1708 1538 1752; x_wconf 89' lang='lat' dir='ltr'><strong>difficile</strong></span> <span class='ocrx_word' id='word_1_141' title='bbox 1570 1708 1664 1763; x_wconf 90' lang='lat' dir='ltr'><strong>qui-</strong></span> 
     </span>
     <span class='ocr_line' id='line_1_20' title="bbox 368 1793 1665 1839; baseline -0.002 0"><span class='ocrx_word' id='word_1_142' title='bbox 368 1796 460 1839; x_wconf 90' lang='lat' dir='ltr'><strong>dem</strong></span> <span class='ocrx_word' id='word_1_143' title='bbox 504 1804 568 1837; x_wconf 92' lang='lat' dir='ltr'><strong>est</strong></span> <span class='ocrx_word' id='word_1_144' title='bbox 613 1808 638 1838; x_wconf 86' lang='lat' dir='ltr'><strong>a</strong></span> <span class='ocrx_word' id='word_1_145' title='bbox 672 1793 867 1837; x_wconf 90' lang='lat' dir='ltr'><strong>Virorum</strong></span> <span class='ocrx_word' id='word_1_146' title='bbox 914 1794 1262 1838; x_wconf 89' lang='lat' dir='ltr'><strong>Doctissimorum</strong></span> <span class='ocrx_word' id='word_1_147' title='bbox 1300 1794 1499 1838; x_wconf 88' lang='lat' dir='ltr'><strong>sententia</strong></span> <span class='ocrx_word' id='word_1_148' title='bbox 1536 1793 1665 1839; x_wconf 87' lang='lat' dir='ltr'><strong>disce-</strong></span> 
     </span>
     <span class='ocr_line' id='line_1_21' title="bbox 368 1878 1669 1936; baseline 0.001 -12"><span class='ocrx_word' id='word_1_149' title='bbox 368 1881 491 1936; x_wconf 80' lang='lat' dir='ltr'><strong>dere3</strong></span> <span class='ocrx_word' id='word_1_150' title='bbox 521 1881 598 1924; x_wconf 92' lang='lat' dir='ltr'><strong>sed</strong></span> <span class='ocrx_word' id='word_1_151' title='bbox 631 1889 764 1923; x_wconf 91' lang='lat' dir='ltr'><strong>tamen</strong></span> <span class='ocrx_word' id='word_1_152' title='bbox 796 1879 906 1923; x_wconf 90' lang='lat' dir='ltr'><strong>haud</strong></span> <span class='ocrx_word' id='word_1_153' title='bbox 940 1879 1094 1933; x_wconf 90' lang='lat' dir='ltr'><strong>sciam,</strong></span> <span class='ocrx_word' id='word_1_154' title='bbox 1121 1891 1175 1923; x_wconf 88' lang='lat' dir='ltr'><strong>an</strong></span> <span class='ocrx_word' id='word_1_155' title='bbox 1197 1878 1329 1923; x_wconf 86' lang='lat' dir='ltr'><strong>afferri</strong></span> <span class='ocrx_word' id='word_1_156' title='bbox 1354 1880 1549 1934; x_wconf 88' lang='lat' dir='ltr'><strong>quaedam</strong></span> <span class='ocrx_word' id='word_1_157' title='bbox 1567 1892 1669 1936; x_wconf 84' lang='lat' dir='ltr'><strong>pos·</strong></span> 
     </span>
     <span class='ocr_line' id='line_1_22' title="bbox 369 1965 1666 2023; baseline -0.002 -12"><span class='ocrx_word' id='word_1_158' title='bbox 369 1968 481 2023; x_wconf 88' lang='lat' dir='ltr'><strong>sint,</strong></span> <span class='ocrx_word' id='word_1_159' title='bbox 522 1965 673 2022; x_wconf 90' lang='lat' dir='ltr'><strong>quibus</strong></span> <span class='ocrx_word' id='word_1_160' title='bbox 704 1965 908 2021; x_wconf 88' lang='lat' dir='ltr'><strong>integrum</strong></span> <span class='ocrx_word' id='word_1_161' title='bbox 946 1978 1036 2009; x_wconf 93' lang='lat' dir='ltr'><strong>esse</strong></span> <span class='ocrx_word' id='word_1_162' title='bbox 1069 1965 1219 2010; x_wconf 91' lang='lat' dir='ltr'><strong>librum</strong></span> <span class='ocrx_word' id='word_1_163' title='bbox 1259 1966 1513 2011; x_wconf 87' lang='lat' dir='ltr'><strong>ostendatur.</strong></span> <span class='ocrx_word' id='word_1_164' title='bbox 1546 1966 1666 2011; x_wconf 87' lang='lat' dir='ltr'><strong>Divi-</strong></span> 
     </span>
     <span class='ocr_line' id='line_1_23' title="bbox 370 2051 1667 2109; baseline -0.001 -12"><span class='ocrx_word' id='word_1_165' title='bbox 370 2054 530 2098; x_wconf 90' lang='lat' dir='ltr'><strong>sionem</strong></span> <span class='ocrx_word' id='word_1_166' title='bbox 563 2053 674 2096; x_wconf 88' lang='lat' dir='ltr'><strong>illam</strong></span> <span class='ocrx_word' id='word_1_167' title='bbox 708 2053 833 2108; x_wconf 91' lang='lat' dir='ltr'><strong>paulo</strong></span> <span class='ocrx_word' id='word_1_168' title='bbox 864 2051 1095 2109; x_wconf 90' lang='lat' dir='ltr'><strong>diligentius</strong></span> <span class='ocrx_word' id='word_1_169' title='bbox 1129 2052 1450 2097; x_wconf 89' lang='lat' dir='ltr'><strong>consideremus.</strong></span> <span class='ocrx_word' id='word_1_170' title='bbox 1509 2052 1667 2107; x_wconf 89' lang='lat' dir='ltr'><strong>Capitis</strong></span> 
     </span>
     <span class='ocr_line' id='line_1_24' title="bbox 372 2137 1669 2196; baseline -0.002 -11"><span class='ocrx_word' id='word_1_171' title='bbox 372 2138 491 2185; x_wconf 86' lang='lat' dir='ltr'><strong>initio</strong></span> <span class='ocrx_word' id='word_1_172' title='bbox 521 2137 688 2183; x_wconf 87' lang='lat' dir='ltr'><strong>dixerat:</strong></span> <span class='ocrx_word' id='word_1_173' title='bbox 751 2171 787 2194; x_wconf 84' lang='lat'><strong>,‚</strong></span> <span class='ocrx_word' id='word_1_174' title='bbox 819 2138 899 2183; x_wconf 89' lang='lat' dir='ltr'><strong>Sed</strong></span> <span class='ocrx_word' id='word_1_175' title='bbox 933 2140 1015 2196; x_wconf 84' lang='lat' dir='ltr'><strong>J‘am</strong></span> <span class='ocrx_word' id='word_1_176' title='bbox 1053 2140 1300 2196; x_wconf 91' lang='lat' dir='ltr'><strong>procedente</strong></span> <span class='ocrx_word' id='word_1_177' title='bbox 1324 2139 1507 2184; x_wconf 90' lang='lat' dir='ltr'><strong>oratione</strong></span> <span class='ocrx_word' id='word_1_178' title='bbox 1531 2149 1669 2184; x_wconf 86' lang='lat' dir='ltr'><strong>osten·</strong></span> 
     </span>
     <span class='ocr_line' id='line_1_25' title="bbox 372 2226 1668 2283; baseline 0 -12"><span class='ocrx_word' id='word_1_179' title='bbox 372 2259 408 2283; x_wconf 91' lang='lat'><strong>„</strong></span> <span class='ocrx_word' id='word_1_180' title='bbox 439 2226 558 2281; x_wconf 85' lang='lat' dir='ltr'><strong>dam,</strong></span> <span class='ocrx_word' id='word_1_181' title='bbox 613 2239 735 2281; x_wconf 87' lang='lat' dir='ltr'><strong>quam</strong></span> <span class='ocrx_word' id='word_1_182' title='bbox 786 2237 872 2270; x_wconf 90' lang='lat' dir='ltr'><strong>non</strong></span> <span class='ocrx_word' id='word_1_183' title='bbox 925 2228 1039 2283; x_wconf 88' lang='lat' dir='ltr'><strong>sint,</strong></span> <span class='ocrx_word' id='word_1_184' title='bbox 1101 2240 1206 2282; x_wconf 91' lang='lat' dir='ltr'><strong>quae</strong></span> <span class='ocrx_word' id='word_1_185' title='bbox 1246 2227 1467 2282; x_wconf 90' lang='lat' dir='ltr'><strong>videntur,</strong></span> <span class='ocrx_word' id='word_1_186' title='bbox 1517 2226 1668 2272; x_wconf 85' lang='lat' dir='ltr'><strong>mala.’&#39;</strong></span> 
     </span>
     <span class='ocr_line' id='line_1_26' title="bbox 367 2311 1673 2371; baseline 0 -14"><span class='ocrx_word' id='word_1_187' title='bbox 367 2313 459 2371; x_wconf 91' lang='lat' dir='ltr'><strong>Jam</strong></span> <span class='ocrx_word' id='word_1_188' title='bbox 512 2322 691 2369; x_wconf 82' lang='lat' dir='ltr'><strong>quatuor</strong></span> <span class='ocrx_word' id='word_1_189' title='bbox 750 2311 1001 2369; x_wconf 74' lang='lat' dir='ltr'><strong>interiectis,</strong></span> <span class='ocrx_word' id='word_1_190' title='bbox 1048 2325 1152 2369; x_wconf 92' lang='lat' dir='ltr'><strong>quae</strong></span> <span class='ocrx_word' id='word_1_191' title='bbox 1201 2313 1318 2369; x_wconf 90' lang='lat' dir='ltr'><strong>prius</strong></span> <span class='ocrx_word' id='word_1_192' title='bbox 1363 2313 1570 2358; x_wconf 88' lang='lat' dir='ltr'><strong>tractanda</strong></span> <span class='ocrx_word' id='word_1_193' title='bbox 1606 2311 1673 2357; x_wconf 84' lang='lat' dir='ltr'><strong>fo·</strong></span> 
     </span>
     <span class='ocr_line' id='line_1_27' title="bbox 372 2400 1670 2454; baseline 0.001 -11"><span class='ocrx_word' id='word_1_194' title='bbox 372 2409 492 2453; x_wconf 88' lang='lat' dir='ltr'><strong>rent,</strong></span> <span class='ocrx_word' id='word_1_195' title='bbox 534 2400 639 2443; x_wconf 87' lang='lat' dir='ltr'><strong>idem</strong></span> <span class='ocrx_word' id='word_1_196' title='bbox 676 2400 779 2444; x_wconf 92' lang='lat' dir='ltr'><strong>illud</strong></span> <span class='ocrx_word' id='word_1_197' title='bbox 813 2401 977 2444; x_wconf 92' lang='lat' dir='ltr'><strong>mutatis</strong></span> <span class='ocrx_word' id='word_1_198' title='bbox 1002 2401 1138 2444; x_wconf 86' lang='lat' dir='ltr'><strong>verbis</strong></span> <span class='ocrx_word' id='word_1_199' title='bbox 1161 2400 1331 2454; x_wconf 84' lang='lat' dir='ltr'><strong>repetit:</strong></span> <span class='ocrx_word' id='word_1_200' title='bbox 1367 2431 1394 2454; x_wconf 88' lang='lat'><strong>‚‚</strong></span> <span class='ocrx_word' id='word_1_201' title='bbox 1416 2400 1670 2454; x_wconf 89' lang='lat' dir='ltr'><strong>persuadebo</strong></span> 
     </span>
     <span class='ocr_line' id='line_1_28' title="bbox 378 2486 1672 2542; baseline 0 -12"><span class='ocrx_word' id='word_1_202' title='bbox 378 2517 415 2542; x_wconf 84' lang='lat'><strong>‚,</strong></span> <span class='ocrx_word' id='word_1_203' title='bbox 442 2486 534 2530; x_wconf 90' lang='lat' dir='ltr'><strong>inde</strong></span> <span class='ocrx_word' id='word_1_204' title='bbox 556 2487 630 2530; x_wconf 90' lang='lat' dir='ltr'><strong>tibi</strong></span> <span class='ocrx_word' id='word_1_205' title='bbox 645 2520 658 2538; x_wconf 83' lang='lat'><strong>‚</strong></span> <span class='ocrx_word' id='word_1_206' title='bbox 689 2499 741 2531; x_wconf 89' lang='lat' dir='ltr'><strong>ne</strong></span> <span class='ocrx_word' id='word_1_207' title='bbox 765 2499 945 2541; x_wconf 87' lang='lat' dir='ltr'><strong>unquam</strong></span> <span class='ocrx_word' id='word_1_208' title='bbox 958 2487 1099 2532; x_wconf 90' lang='lat' dir='ltr'><strong>boni’&#39;</strong></span> <span class='ocrx_word' id='word_1_209' title='bbox 1121 2496 1201 2531; x_wconf 90' lang='lat' dir='ltr'><strong>cet.</strong></span> <span class='ocrx_word' id='word_1_210' title='bbox 1232 2487 1329 2531; x_wconf 89' lang='lat' dir='ltr'><strong>Hoc</strong></span> <span class='ocrx_word' id='word_1_211' title='bbox 1350 2487 1486 2542; x_wconf 85' lang='lat' dir='ltr'><strong>ipsum</strong></span> <span class='ocrx_word' id='word_1_212' title='bbox 1508 2497 1672 2542; x_wconf 87' lang='lat' dir='ltr'><strong>autem,</strong></span> 
     </span>
     <span class='ocr_line' id='line_1_29' title="bbox 377 2572 1673 2630; baseline 0.001 -14"><span class='ocrx_word' id='word_1_213' title='bbox 377 2584 423 2616; x_wconf 90' lang='lat' dir='ltr'><strong>ea</strong></span> <span class='ocrx_word' id='word_1_214' title='bbox 438 2602 453 2627; x_wconf 88' lang='lat'><strong>,</strong></span> <span class='ocrx_word' id='word_1_215' title='bbox 473 2584 576 2628; x_wconf 87' lang='lat' dir='ltr'><strong>quae</strong></span> <span class='ocrx_word' id='word_1_216' title='bbox 600 2574 701 2618; x_wconf 85' lang='lat' dir='ltr'><strong>mala</strong></span> <span class='ocrx_word' id='word_1_217' title='bbox 726 2572 850 2618; x_wconf 90' lang='lat' dir='ltr'><strong>bonis</strong></span> <span class='ocrx_word' id='word_1_218' title='bbox 866 2573 962 2619; x_wconf 88' lang='lat' dir='ltr'><strong>viris</strong></span> <span class='ocrx_word' id='word_1_219' title='bbox 988 2574 1165 2619; x_wconf 87' lang='lat' dir='ltr'><strong>accidere</strong></span> <span class='ocrx_word' id='word_1_220' title='bbox 1187 2574 1444 2630; x_wconf 79' lang='lat' dir='ltr'><strong>dicerentur,</strong></span> <span class='ocrx_word' id='word_1_221' title='bbox 1475 2586 1559 2620; x_wconf 88' lang='lat' dir='ltr'><strong>non</strong></span> <span class='ocrx_word' id='word_1_222' title='bbox 1582 2585 1673 2618; x_wconf 82' lang='lat' dir='ltr'><strong>esse</strong></span> 
     </span>
    </p>
   </div>
   <div class='ocr_carea' id='block_1_4' title="bbox 1576 2673 1670 2703">
    <p class='ocr_par' dir='ltr' id='par_1_4' title="bbox 1576 2673 1670 2703">
     <span class='ocr_line' id='line_1_30' title="bbox 1576 2673 1670 2703; baseline 0 -1"><span class='ocrx_word' id='word_1_223' title='bbox 1576 2673 1670 2703; x_wconf 76' lang='lat' dir='ltr'>VCl&#39;C</span> 
     </span>
    </p>
   </div>
  </div>
 </body>
</html>
