1970 3267
850 207 1015 227 “⁸¹⁸⁸-
1520 215 1574 262 53

351 332 477 380 habes
490 365 506 388 ,
545 332 749 379 victoriam
789 343 875 377 non
919 331 1059 379 habes.
1128 332 1232 379 Non
1265 332 1446 391 gratulor
1488 341 1576 378 tan·

350 432 470 476 quam
507 417 596 462 viro
632 419 731 463 forti
744 449 759 472 ‚
799 420 872 463 sed
900 430 1086 475 tanquam
1122 422 1376 467 consulatum
1413 429 1577 476 praetu-

351 516 486 548 ramve
520 506 694 562 adepto:
735 506 888 551 honore
923 519 1065 554 auctus
1103 522 1162 552 es·
1223 509 1334 552 Idem
1369 508 1503 552 dicere
1533 515 1577 550 et

351 589 464 634 bono
504 591 594 636 viro
623 592 794 647 possam
809 625 825 649 ,
863 594 899 640 si
940 593 997 638 illi
1031 593 1182 638 nullam
1218 592 1471 636 occasionem
1500 591 1582 636 dif-

360 675 502 720 ficilior
551 690 668 722 casus
710 679 847 734 dedit,
898 681 941 724 in
986 693 1067 734 qua
1111 690 1192 722 una
1235 677 1317 721 vim
1363 676 1429 721 sui
1463 676 1586 719 animi

301 775 327 818 3
355 763 622 808 ostenderet:
664 765 855 811 miserum
900 780 941 811 te
989 767 1158 823 judico,
1216 765 1329 819 quod
1379 776 1590 818 nunquam

356 848 471 895 fuisti
502 849 647 908 miser3
686 851 863 897 transisti
887 853 973 898 sine
1003 850 1228 897 adversario
1252 850 1390 897 vitam.
1449 848 1586 895 Nemo

354 935 485 989 sciet,
524 938 624 990 quid
670 940 878 992 potueris:
935 951 987 984 ne
1021 948 1069 982 tu
1104 938 1265 992 quidem
1298 938 1403 991 ipse.
1460 936 1583 990 opus

359 1032 422 1065 est
471 1022 577 1066 enim
625 1023 676 1067 ad
723 1024 905 1067 notitiam
957 1024 1020 1068 sui
1037 1056 1052 1077 ,
1112 1023 1401 1079 experimento.
1472 1022 1588 1077 quod

360 1107 535 1163 quisque
564 1119 732 1164 posset,
773 1109 851 1153 nisi
883 1110 1075 1154 tentando
1111 1121 1197 1153 non
1232 1107 1385 1153 didicit.
1442 1107 1586 1164 Itaque

359 1195 520 1246 quidam
568 1196 675 1239 ultro
711 1210 755 1239 se
794 1197 1044 1241 cessantibus
1081 1196 1197 1239 malis
1237 1197 1507 1248 obtulerunt,
1545 1205 1589 1238 et

362 1279 502 1324 virtuti
536 1281 662 1326 iturae
693 1282 735 1325 in
771 1282 992 1327 obscurum
1028 1281 1310 1336 occasionem,
1355 1294 1430 1338 per
1461 1293 1586 1336 quam

1501 1380 1589 1410 em·

296 1436 403 1487 quod
444 1437 483 1476 h.
526 1439 553 1476 1-
597 1439 912 1489 comparationem
954 1438 1159 1484 habemus,
1198 1440 1238 1478 in
1269 1441 1372 1489 quali
1414 1440 1590 1479 oratione

298 1505 499 1541 concisum
532 1504 610 1542 hoc
640 1505 792 1542 dicendi
826 1515 970 1553 genus,
998 1515 1080 1552 quo
1112 1514 1171 1542 res
1207 1506 1289 1553 ipsa
1324 1505 1431 1552 quasi
1464 1504 1589 1552 pingi-

299 1576 382 1615 tur,
414 1578 510 1607 amat
541 1568 707 1607 Seneca.
735 1580 772 1607 v.
796 1580 831 1606 c.
860 1578 972 1617 supra
1002 1567 1051 1606 de
1082 1567 1240 1615 Regulo
1273 1578 1352 1605 uon
1383 1571 1414 1605 si
1444 1566 1590 1606 reficias

303 1635 410 1673 illum
440 1642 482 1672 et
511 1635 645 1671 mittas
672 1635 711 1671 in
741 1640 935 1678 senatum,
962 1631 1031 1669 sed
1059 1631 1210 1669 brevius
1232 1641 1270 1669 et
1300 1629 1493 1669 efficacius
1516 1631 1593 1670 ιίιε

224 1731 226 1734 ⁴
296 1700 416 1750 Refice
443 1707 488 1738 tu
514 1700 644 1745 illum,
670 1707 746 1736 cet.

351 1779 387 1812 3·
415 1765 516 1803 Una.
560 1764 673 1801 Voss.
710 1774 850 1807 unam,
888 1761 994 1809 quod
1027 1771 1065 1799 et
1113 1772 1206 1800 suos
1240 1760 1426 1809 quosdam
1470 1759 1588 1800 codd.

297 1831 439 1869 habere
477 1836 638 1866 testatus
687 1825 794 1874 Lips.
839 1824 1043 1872 legendum
1093 1825 1216 1874 conjit
1272 1827 1415 1863 vivam.
1493 1824 1591 1862 Non

299 1908 400 1947 opus
445 1894 536 1933 mihi
573 1893 749 1939 videtur,
799 1892 831 1929 si
879 1902 966 1930 cum
1014 1889 1148 1929 Rubk.
1200 1893 1326 1930 locum
1377 1890 1435 1930 sic
1474 1890 1589 1929 intel-

300 1964 416 2012 ligas:
455 1987 484 2006 ‚,
513 1969 562 1997 ne
598 1968 707 1996 unam
754 1955 911 2004 quidem
954 1956 1197 1992 occasionem
1241 1953 1371 1992 habuit
1419 1952 1496 1993 vim
1527 1953 1589 1992 sui

298 2054 330 2075 ,,
358 2025 471 2064 animi
503 2021 731 2063 ostendendi
748 2019 774 2036 ''
808 2020 928 2058 Simili
963 2020 1087 2058 forma
1123 2019 1242 2056 utitur
1281 2018 1405 2068 Epist.
1442 2018 1592 2057 XCIX.

303 2106 367 2134 102
397 2121 426 2139 „
459 2093 509 2130 de
538 2100 587 2129 eo
617 2099 829 2138 queruntur
858 2099 1010 2133 omnes,
1056 2088 1096 2125 in
1137 2098 1218 2135 quo
1255 2096 1336 2123 uno
1376 2093 1491 2122 nemo
1524 2081 1593 2121 de·

298 2184 328 2207 ,‚
355 2154 538 2206 cipum-:¹
575 2154 690 2191 Voss.
727 2154 850 2190 animi
880 2154 953 2190 sui.

351 2221 473 2273 Quod.
505 2220 619 2258 Voss.
654 2222 732 2268 qui.
777 2219 927 2256 Bonum
960 2227 1110 2255 sensum
1134 2216 1315 2266 praebet,
1338 2213 1435 2254 illud
1464 2221 1592 2251 tamen

298 2288 531 2339 praeferam,
559 2295 603 2323 ut
635 2284 809 2323 acutius:
836 2283 1013 2322 miserum
1045 2285 1096 2321 ob
1128 2282 1168 2321 id
1198 2283 1350 2331 ipsum,
1375 2277 1483 2329 quod
1514 2285 1591 2316 cet.

297 2354 400 2392 Mox
430 2362 502 2401 pro
529 2349 628 2399 quod
654 2353 808 2398 quisque
839 2349 946 2388 Fabr.
976 2348 1073 2398 quid
1108 2352 1276 2399 quisque.
1328 2347 1389 2385 De
1427 2352 1591 2395 quorum

299 2417 516 2459 discrimine
555 2415 694 2465 passim
726 2414 872 2453 notavit
904 2417 1019 2458 Ern.
1043 2413 1096 2453 ad
1115 2414 1338 2454 Ciceronem.

350 2484 555 2523 Se..voss.
577 2482 658 2518 viri
668 2478 804 2529 fortes.
857 2478 1129 2516 Diversitatem
1152 2487 1269 2517 ortam
1291 2476 1431 2527 opinor
1456 2487 1479 2516 e
1497 2487 1584 2527 sqq.

297 2549 427 2596 magni
460 2549 545 2584 viri
584 2554 622 2585 et
658 2546 784 2596 fortes
828 2546 982 2585 milites.
1046 2546 1146 2585 Mox
1196 2553 1358 2594 uterque
1388 2544 1478 2587 cod.
1516 2557 1589 2597 pro

298 2616 393 2653 enit.
423 2612 546 2652 minus
576 2614 767 2661 eleganter
805 2615 1065 2652 enitescerent.

599 2688 602 2692 ,
942 2681 974 2715 G
1003 2693 1023 2728 3
