1970 3267
467 166 493 189 ·''
820 175 1011 216 ,ιε-Ξ·
1080 231 1084 234 ²
1493 173 1550 230 63

275 301 296 308 '²
326 331 360 362 ‚‚
386 305 520 362 cipere
551 300 764 358 potuistis.
825 300 906 344 Sed
929 312 980 344 ne
1013 312 1123 346 nunc
1147 300 1309 356 quidem
1328 300 1547 349 auferetis:

326 424 355 448 ,‚
382 392 477 447 quia
514 388 616 433 nihil
649 384 846 443 eripitur,
883 387 960 431 nisi
992 387 1191 434 retinenti.
1243 389 1360 435 Nihil
1392 402 1553 447 cogor,

322 506 356 533 -„
383 474 483 520 nihil
517 474 651 532 patior
678 473 828 519 invitus
846 505 861 527 ‚
901 486 976 518 nec
998 475 1131 521 servio
1164 476 1270 521 Deo.
1314 477 1386 521 sed
1410 489 1550 523 assen-

318 589 353 615 -‚‚
382 560 471 605 tio:
503 574 555 604 eo
585 560 747 614 quidem
773 560 897 616 magis
913 593 929 615 ‚
959 562 1073 615 quod
1096 562 1182 605 scio
1207 563 1341 607 omnia
1372 565 1484 608 certa
1503 574 1548 609 et

265 657 294 701 ς
325 677 353 700 „
381 647 423 689 in
450 655 657 689 aeternum
697 646 803 690 dicta
831 648 918 702 lege
945 647 1204 690 decurrere.”
1241 648 1339 691 Fata
1368 661 1446 691 nos
1472 650 1552 693 du·

317 718 448 786 cunt,
471 741 513 775 et
546 724 741 787 quantum
775 733 924 787 cuique
948 741 1101 785 restet,
1131 731 1261 787 prima
1300 731 1553 779 nascentium

318 818 420 862 hora
447 817 665 872 disposuit.
723 818 859 862 Causa
884 818 1033 872 pendet
1058 831 1107 861 ex
1143 831 1292 872 causa,
1318 818 1473 873 privata
1496 832 1546 863 ac

320 903 487 960 publica
523 905 672 960 longus
718 904 820 962 ordo
877 917 1011 948 rerum
1058 904 1194 948 trahit.
1254 903 1352 949 Ideo
1388 903 1549 951 fortiter

315 1003 441 1035 omne
474 990 684 1035 ferendum
700 1020 704 1025 .
721 998 807 1034 est:
840 989 937 1043 quia
971 1002 1056 1033 non
1071 1021 1086 1043 ‚
1117 1000 1164 1034 ut
1201 1001 1393 1045 putamus
1408 1022 1424 1046 ,
1450 992 1548 1036 inci-

315 1076 421 1120 dunt
440 1085 585 1119 cuncoe
600 1106 615 1129 ,
652 1074 726 1118 sed
759 1074 943 1119 veniunt.
1001 1074 1114 1118 Olim
1151 1077 1421 1121 constitutum
1438 1088 1516 1122 xest
1531 1110 1548 1133 ,

316 1161 418 1217 quid
442 1161 642 1217 gaudeas,
682 1160 782 1215 quid
813 1161 934 1205 fleas:
967 1170 1007 1205 et
1031 1161 1214 1215 quamvis
1243 1174 1390 1219 magna,
1415 1163 1550 1208 videa·

318 1260 387 1295 tur
411 1249 602 1295 varietate
645 1248 901 1305 singulorum
938 1248 1018 1293 vita
1058 1248 1281 1305 distingui,
1312 1262 1469 1295 summa
1502 1249 1547 1295 in

258 1337 287 1381 6
314 1348 443 1382 unum
478 1336 615 1380 venit:
646 1336 874 1391 accepimus
897 1336 1078 1391 peritura
1109 1322 1293 1391 perituri.
1329 1334 1466 1392 ·Quid
1490 1336 1546 1379 ita

314 1423 603 1479 indignamur?
634 1425 731 1478 quid
751 1424 993 1478 querimur?
1021 1424 1072 1467 ad
1105 1424 1185 1467 hoc
1219 1422 1346 1477 parati
1381 1435 1544 1466 sumus.

268 1532 272 1535 -
309 1508 462 1553 Utatur
476 1540 489 1561 ,
512 1517 559 1552 ut
578 1509 695 1563 vult,
720 1507 806 1552 suis
826 1517 967 1552 natura
989 1508 1253 1564 corporibus:
1282 1520 1362 1552 nos
1378 1508 1469 1553 laeti
1492 1507 1545 1552 ad

248 1584 254 1591 “
310 1593 448 1637 omnia
472 1603 512 1637 et
546 1594 677 1638 fortes
713 1594 940 1649 cogitemus
955 1626 972 1648 ,
1001 1594 1104 1637 nihil
1129 1594 1262 1648 perire
1300 1595 1350 1638 de
1385 1604 1546 1639 nostr-0.

307 1680 428 1738 Quid
463 1691 527 1727 est
543 1680 643 1725 boni
671 1680 782 1728 viri?
810 1680 1003 1737 praebere
1028 1693 1073 1725 se
1108 1679 1211 1726 fat0.
1242 1679 1409 1727 Grande
1440 1679 1546 1724 sola-

499 1802 503 1808 .
1442 1766 1544 1809 tium

300 1840 516 1880 Retinentt.
551 1840 834 1879 -Trillerus
860 1841 1014 1879 Observ.
1032 1849 1076 1890 p.
1114 1852 1199 1890 ¹40·
1225 1837 1544 1891 ἐμφατικώτερον

254 1916 337 1946 esse
367 1918 476 1958 putat
518 1912 719 1948 renitenti.
772 1908 856 1947 Imo
889 1908 1009 1956 maior
1045 1908 1136 1946 mihi
1167 1908 1318 1946 videtur
1349 1907 1390 1945 in
1429 1909 1550 1956 altero

249 1973 310 2011 vis
346 1984 454 2020 esse,
490 1977 704 2013 retinenti:
743 1983 805 2021 ει,
827 1974 969 2023 .inquit
1001 1972 1284 2024 philosophus,
1317 1982 1393 2021 ego
1414 1983 1459 2012 ne
1490 1982 1549 2011 re·

246 2032 357 2076 tineo
384 2037 565 2087 quidem,
602 2039 728 2078 libens
762 2039 884 2078 trado,

299 2104 487 2144 Assentio.
538 2104 695 2154 saepius
729 2104 799 2142 hac
837 2105 942 2143 verbi
979 2104 1098 2143 forma
1142 2104 1288 2143 Noster
1317 2103 1462 2151 utitur,
1507 2112 1552 2142 ut

246 2166 354 2208 Nat.
384 2169 433 2220 Q,-
464 2169 548 2216 111,
577 2180 642 2215 15,
674 2182 712 2209 2.
762 2169 873 2209 Fabr.
891 2172 1093 2209 assentior.

296 2245 338 2281 5.
389 2235 588 2285 Quantum
610 2239 755 2284 cuique.
794 2228 904 2273 Febr.
936 2234 1041 2274 addit
1060 2235 1252 2283 temporis.
1284 2231 1394 2272 ldem
1419 2231 1458 2271 in
1480 2241 1551 2271 suo

246 2292 349 2361 libro
383 2298 494 2347 Lips.
526 2300 698 2338 invenlt:
739 2299 946 2338 commode
979 2305 1104 2336 tamen
1133 2298 1374 2346 intelligitur.

300 2368 340 2403 6.
394 2363 501 2415 Quid
517 2366 591 2405 ita.
624 2364 733 2426 Fabr.
763 2363 858 2413 quid
875 2366 1039 2424 itaque,
1064 2362 1129 2401 sed
1160 2362 1255 2401 illud
1285 2361 1442 2400 eandem
1475 2361 1554 2398 sere

242 2428 322 2467 vim
356 2428 496 2475 habet,
543 2438 588 2468 et
619 2440 707 2469 cum
739 2434 891 2468 Graeco
927 2430 971 2469 τί
996 2425 1080 2469 εἶτα
1111 2427 1315 2467 convenit:
1354 2426 1552 2463 habuimus

241 2496 356 2547 hujus
379 2499 464 2538 libri
499 2498 586 2538 init.
609 2498 666 2537 ad
695 2510 726 2539 o.
752 2510 783 2538 e.
806 2497 947 2549 fhrtes.
975 2498 1084 2539 Fabr.
1112 2509 1149 2538 et
1170 2498 1209 2548 f.
1239 2509 1280 2535 a.
1303 2497 1456 2542 omnim·
1484 2493 1551 2533 mi·

239 2572 310 2600 nus
341 2564 524 2605 oratorie.
576 2564 757 2603 Similiter
794 2574 887 2602 mox
918 2565 1038 2614 sussit
1070 2573 1160 2613 post
1193 2565 1290 2601 mori
1320 2560 1448 2610 ponit.
