1970 3267
317 223 370 280 48
886 229 1073 275 a!

314 365 343 411 7
369 353 488 400 caede
527 351 763 395 venantium
779 350 801 395 2
859 350 1007 397 Infelix
1046 361 1108 399 est
1148 351 1360 410 Rutilius,
1395 352 1507 410 quod
1538 353 1610 407 qui

361 441 475 485 illum
520 436 840 488 damnaverunt,
880 448 1043 481 causam
1090 438 1222 482 dicent
1259 440 1450 487 omnibus
1492 454 1610 485 secu-

367 522 457 570 lis?
488 522 603 582 quod
647 521 849 579 aequiore·
886 520 1022 567 animo
1071 538 1219 581 passus
1258 536 1320 572 est
1365 539 1410 573 se
1460 528 1610 584 patriae

367 610 499 669 eripi,
517 623 521 630 ·
542 624 665 669 quam
701 609 782 656 sibl
821 609 1005 654 exsilium
1022 610 1045 653 *ἓ
1086 615 1202 667 quod
1249 614 1384 671 Syllae
1426 615 1613 660 dictatori

368 699 486 743 solus
515 698 669 752 aliquid
700 697 892 753 negavit,
923 705 963 740 et
997 707 1212 742 revocatus
1236 711 1321 743 non
1356 710 1513 744 tantum
1538 715 1602 744 re·

366 792 432 827 tro
469 783 621 836 cessit,
651 783 724 826 sed
766 782 930 839 longius
970 782 1113 839 fugit?
1145 782 1146 785 ’
1186 784 1375 830 Viderint
1395 819 1410 840 ‚
1439 786 1572 842 inquit
1592 821 1608 843 ‚

364 866 460 919 isti,
493 880 599 920 quos
636 867 793 910 Romae
828 868 1093 921 deprehendit
1135 868 1306 914 felicitas
1341 879 1427 914 tua.
1484 873 1609 915 Vide-

364 963 435 996 ant
470 954 627 1009 largum
663 953 705 997 in
735 953 830 997 foro
864 953 1102 1009 sanguinem
1119 965 1204 1007 ‚pet
1244 968 1367 1009 supra
1394 957 1607 1000 Servilium

360 1039 494 1085 lacum
528 1038 604 1091 (id
632 1039 738 1084 enim
784 1039 1094 1096 proscriptionis
1141 1040 1326 1097 Syllanae
1360 1042 1602 1098 spoliarium

359 1128 461 1181 est)
489 1139 724 1172 senatorum
768 1129 924 1183 capita,
955 1138 995 1172 et
1026 1129 1177 1183 passim
1208 1138 1401 1185 vagantes
1437 1142 1510 1184 per
1539 1142 1604 1173 ur-

366 1214 459 1257 bem
496 1228 786 1269 percussorum
823 1229 992 1271 greges:
1040 1227 1103 1260 et>
1130 1217 1257 1259 multa
1294 1215 1414 1259 millia
1458 1215 1608 1260 civium

360 1298 673 1356 Romanorum,
704 1314 789 1346 uno
825 1302 920 1345 loco
958 1310 1055 1356 post
1092 1300 1209 1363 fidem
1230 1332 1245 1355 ,
1275 1300 1398 1344 immo
1433 1312 1506 1355 per
1541 1300 1608 1355 ip-

362 1398 447 1429 sam
494 1387 615 1432 fidem
653 1391 867 1434 trucidata.
925 1391 1099 1432 Videant
1140 1390 1245 1441 ista,
1298 1388 1370 1442 qui
1420 1389 1603 1431 exSulare

306 1473 330 1515 8
359 1484 444 1517 non
482 1475 686 1528 possunt!
721 1474 834 1532 Quid
862 1475 996 1530 ergo?
1027 1474 1123 1519 felix
1149 1484 1209 1517 est
1238 1473 1292 1516 L.
1326 1472 1463 1528 Sylla,
1490 1472 1602 1527 quod

365 1559 423 1602 illi
459 1560 720 1605 descendenti
756 1561 807 1604 ad
835 1560 971 1617 forum
1001 1560 1133 1616 gladio
1166 1558 1458 1613 submovetur,
1489 1558 1603 1613 quod

1535 1658 1601 1689 ca-

350 1727 389 1760 1.
438 1718 592 1758 Dicent.
644 1719 755 1761 Febr.
795 1719 962 1759 diceret:
1009 1729 1102 1759 mox
1147 1721 1295 1768 eripere
1325 1728 1398 1768 pro
1435 1720 1536 1767 eripi
1569 1727 1607 1756 et

294 1783 363 1821 soli
394 1794 467 1832 pro
500 1784 636 1833 Syllae.

346 1846 433 1886 Non
466 1856 620 1888 tantum
652 1856 757 1888 retro
781 1852 906 1888 cessit·
955 1848 1062 1897 Lips.
1094 1855 1184 1896 post
1215 1853 1368 1884 tantum
1392 1846 1605 1886 addendum

292 1923 404 1963 putat
436 1926 533 1961 non,·
572 1919 747 1956 Gronov.
787 1920 1080 1964 interpretetur,
1109 1912 1217 1961 quasi
1250 1911 1387 1951 fuisset
1421 1913 1605 1953 additum.

290 1977 481 2026 Equidem
521 1978 655 2028 potius
697 1989 787 2017 cum
831 1977 1150 2027 Ruhkopfio
1194 1977 1251 2014 sic
1296 1978 1518 2025 explicem,
1563 1988 1607 2016 ut

291 2042 468 2082 Rutilius
492 2055 570 2082 non
602 2052 748 2082 tantum
771 2052 876 2082 retro
902 2042 1064 2081 cesserit
1085 2051 1105 2078 ι
1127 2044 1245 2086 loco,
1282 2051 1364 2089 quo
1397 2052 1483 2079 cum
1506 2042 1605 2088 Sylla

289 2109 516 2147 collocutus
554 2117 657 2156 erat,
706 2109 773 2148 sed
815 2107 1116 2159 longius-etiam
1146 2117 1168 2145 a
1200 2107 1319 2154 loco,
1356 2106 1423 2146 ubi
1457 2109 1606 2147 exsula-

285 2174 378 2221 bat,
413 2174 453 2214 lu
484 2174 664 2214 ulteriora
697 2175 854 2225 fugerit.

339 2238 431 2278 Vid.
471 2242 554 2288 inq.
595 2243 681 2281 isti.
729 2241 855 2280 Antea
898 2240 1120 2290 legebaturz
1168 2239 1258 2278 Vt'd.
1301 2242 1384 2287 inq.
1417 2237 1482 2278 hoc
1513 2240 1608 2286 isti,

290 2304 360 2345 sed
383 2302 450 2345 hoc
479 2305 588 2356 Lips.
621 2316 658 2345 et
691 2311 865 2347 Gronov.
897 2306 1122 2356 ejecerunt,
1160 2305 1200 2344 in
1235 2304 1350 2345 codd.
1386 2303 1603 2349 nonnullis,

290 2369 406 2408 etium
437 2370 476 2409 in
510 2378 681 2419 utroque
713 2371 829 2413 Leid.
861 2382 939 2410 non
976 2380 1147 2411 exstans.
1431 2414 1435 2417 ,

339 2436 564 2477 Servilium.
617 2435 862 2477 Codd.Leld.
883 2437 1160 2478 Servilianum.
1177 2433 1249 2475 sed
1271 2434 1460 2484 vulgatam
1473 2441 1603 2472 tuetur

286 2500 490 2540 Ciceronis
526 2500 629 2554 (pro
650 2502 757 2541 Rosc.
795 2502 884 2542 Am.
916 2503 999 2550 32)
1031 2503 1143 2540 locus
1177 2509 1197 2537 a
1228 2484 1364 2549 Lipslo
1407 2499 1554 2536 allatus.

336 2565 543 2615 Vagantes.
594 2567 702 2607 Fabr.
734 2569 930 2618 vagantis.

341 2638 378 2674 8.
431 2632 496 2671 Illi
516 2631 763 2675 descendenti.
814 2637 929 2675 Voss.
970 2633 1036 2674 illo
1066 2631 1314 2674 descendente.
1362 2629 1465 2671 Mox
1498 2637 1601 2668 uter-

280 2710 358 2748 que
391 2706 656 2740 summovetur.
1541 2693 1602 2731 δι’·
