1970 3267
869 192 1036 229 ΞΕ
1534 189 1597 243 65

347 342 436 376 rum
459 324 634 383 probat,
668 319 825 365 miseria
851 317 980 362 fortes
1013 318 1141 364 viros.
1207 318 1311 363 Vide
1350 331 1471 374 quam
1506 320 1583 362 alte

341 413 556 462 ascendere
592 408 738 454 debeat
773 405 931 450 virtus:
978 405 1081 450 scies
1121 405 1178 449 illi
1214 418 1299 450 non
1336 419 1409 462 per
1435 418 1578 451 secura

341 498 567 545 vadendum
601 507 710 538 esse·

361 617 364 618 ν
402 583 562 626 Ardua
582 582 732 638 prima
754 580 828 624 via
857 589 918 621 est
934 609 949 632 ,
979 587 1023 620 et
1046 592 1135 635 qua
1157 582 1232 623 vix
1252 593 1371 620 mane
1394 587 1574 624 recentes

399 669 649 711 Enitantur
676 668 802 723 equi:
831 664 963 708 medio
991 673 1051 706 est
1079 665 1294 706 altissima
1319 665 1460 706 coelo:

400 755 527 798 Unde
556 768 675 796 mare
703 762 745 795 et
772 761 920 796 terras
947 753 1031 809 ipsi
1060 752 1164 794 mihi
1190 763 1310 808 saepe
1338 750 1485 796 videre

399 841 475 885 ‚Fit
506 842 660 893 timor,
690 849 732 881 et
755 837 917 897 pavida
943 837 1134 896 trepidat
1152 837 1391 893 formidine
1408 848 1581 897 pecten

398 928 565 972 Ultima
581 939 725 985 prona
749 929 821 971 νὶα
842 935 900 969 est
915 958 930 979 ‚
961 934 1002 968 et
1020 934 1112 983 eget
1134 925 1417 969 moderamine
1439 935 1573 971 certo.

398 1015 436 1055 Τ
434 1027 512 1055 unc
542 1016 700 1064 etiam,
732 1025 839 1068 quae
866 1025 929 1052 me
959 1012 1152 1058 subiectis
1184 1014 1340 1067 excipit
1369 1012 1526 1065 undis,

401 1099 473 1141 Ne
489 1102 628 1154 ferar
655 1102 701 1141 in
723 1109 954 1155 praeeeps,
996 1097 1141 1151 Tethys
1169 1098 1269 1139 solet
1297 1100 1389 1155 ipsa
1417 1099 1578 1143 vereri.

339 1184 451 1230 Haec
503 1198 630 1240 quum
682 1183 865 1229 audisset
915 1183 982 1228 ille
1036 1196 1259 1240 generosus
1310 1183 1577 1239 adolescenS,

342 1302 371 1326 „
390 1268 600 1325 'Placet‚''
642 1271 804 1325 inquit,
858 1301 885 1323 „
914 1270 997 1316 via.
1044 1272 1237 1313 escendo.
1279 1280 1340 1313 est
1372 1271 1471 1314 tanti
1503 1285 1577 1325 pet

338 1387 372 1410 ‚.,
400 1360 479 1402 ista
507 1359 563 1402 ire
595 1371 761 1403 casuro.
774 1358 803 1377 ”
841 1358 941 1401 Non
966 1357 1111 1401 desinit
1138 1370 1267 1400 acrem
1295 1358 1472 1402 animum
1496 1370 1576 1402 ter-

339 1445 481 1488 ritaret

403 1533 546 1588 thue
574 1535 688 1576 viam
720 1541 888 1584 teneas,
919 1532 1116 1588 nulloque
1146 1546 1294 1573 errore
1323 1533 1553 1587 traharis,

396 1618 486 1661 Per
515 1627 660 1661 tamen
689 1617 857 1662 adversi
880 1616 1099 1673 gradiens
1128 1631 1292 1660 cornua
1320 1617 1493 1672 Tauri,

399 1703 700 1761 Aemoniosque
726 1717 853 1748 arcus
868 1737 883 1757 ‚
914 1703 1165 1761 violentique
1193 1717 1272 1747 ora
1305 1705 1475 1749 Leonis.

336 1791 435 1834 Post
463 1791 558 1834 haec
586 1790 665 1833 ait:
701 1790 836 1846 Junge
871 1791 987 1833 datos
1021 1788 1191 1833 currus!
1240 1790 1302 1833 his
1332 1791 1481 1846 quibus
1507 1793 1578 1837 de-

1502 1891 1582 1923 ter·

275 1954 363 1988 Hoc
384 1952 477 1989 loco
499 1955 617 1988 Gron.
653 1949 774 1988 edidit
807 1948 1024 1995 escendere,
1054 1950 1116 1988 cui
1152 1950 1255 1987 favet
1288 1950 1430 1988 vitiosa
1464 1951 1579 1991 Fabr.

273 2016 396 2055 lectio
428 2014 646 2054 extendere.

324 2083 557 2121 Enitamur.
591 2082 702 2121 Fabr.
736 2092 775 2120 et
809 2082 920 2120 editt.
956 2091 1044 2120 ante
1072 2082 1208 2120 Ruhk.
1242 2086 1461 2121 enituntur.
1508 2083 1589 2124 Hic

274 2147 406 2195 dedit,
460 2158 503 2185 ut
543 2157 602 2186 est
643 2148 682 2186 in
718 2148 868 2187 Ovidio
902 2147 1108 2200 (Metam.
1140 2152 1202 2195 11,
1229 2149 1295 2196 63.
1345 2152 1460 2199 sqq.)

325 2213 403 2252 Fit.
430 2213 541 2255 Fabr.
563 2217 643 2260 sit,
674 2216 822 2254 solenni
848 2218 1098 2256 confusione.
1153 2217 1255 2254 Mox
1294 2216 1395 2255 idern
1416 2219 1581 2265 pavidi,

273 2279 382 2329 quod
417 2289 475 2318 est
514 2278 675 2328 quidem
710 2283 889 2331 elegans;
916 2282 957 2322 in
998 2281 1118 2322 ovid.
1155 2291 1279 2321 tamen
1303 2282 1453 2332 pavida
1486 2285 1580 2332 legi-

272 2355 347 2384 tur.
391 2349 467 2385 'Pto
508 2349 593 2394 ipsa
619 2346 728 2387 Febr.
763 2361 855 2388 una.

324 2423 362 2461 9.
376 2411 452 2450 Per
480 2414 558 2452 ista
590 2416 649 2453 ire
669 2427 828 2463 casuro,
855 2415 884 2455 i.
904 2426 937 2455 e.
959 2414 1135 2465 quamvis
1159 2414 1368 2453 cadendum
1390 2414 1483 2453 mihi
1503 2414 1579 2461 εἰη

273 2476 353 2516 hoc
397 2488 474 2516 non
518 2489 637 2525 curo,
662 2481 872 2520 dummodo
912 2491 982 2530 per
1012 2480 1083 2519 ista
1119 2480 1307 2521 incedam.
1358 2479 1470 2518 Loco
1500 2491 1578 2518 non

273 2542 477 2581 intellecto
512 2544 622 2582 Fabr.
659 2531 773 2584 habet
804 2555 876 2595 pro
913 2549 989 2585 ista
1022 2559 1064 2583 re
1091 2558 1164 2583 cas.

322 2604 451 2656 Junge
484 2608 591 2647 datos
625 2622 771 2649 currus.
829 2616 927 2652 Cum
963 2612 1076 2652 Ovid.
1111 2624 1162 2651 vs.
1203 2622 1264 2659 79.
1295 2611 1423 2649 solem
1454 2610 1584 2650 dicen-

935 2680 952 2715 1
1506 2684 1582 2713 tem
