1970 3267
334 202 404 254 30.
927 195 1092 241 ..w-..2

331 329 497 386 inquam
530 333 667 384 gratus
703 326 769 370 ille
810 336 956 370 sensus
994 328 1233 373 servabitur.
1304 326 1417 371 Faxit
1458 324 1617 369 Auctor

332 417 511 459 omnium
565 413 767 455 bonorum
821 411 969 464 Deua,
1013 423 1059 455 ut
1099 414 1167 456 diu
1212 412 1348 455 multis
1384 410 1482 454 tales
1523 421 1612 453 esse

329 498 533 556 possitis,
584 499 722 552 quales
772 496 869 539 mihi
917 495 1081 550 fuistis3
1124 499 1284 551 longam
1328 496 1448 539 vobis
1493 495 1617 538 vitam

329 587 449 633 faciat
478 598 571 631 cum
617 582 919 636 felicissimam,
958 591 1044 625 tum
1070 609 1073 611 Α
1101 581 1339 626 Academiae
1381 580 1617 636 patriaeque

325 669 716 718 fructuosissimam.
785 666 902 719 Vos,
963 663 1053 708 Viri
1101 665 1358 720 Clarissimi,
1415 665 1612 721 amicitia,

327 772 510 816 quaeso,
538 758 685 802 Vestra
715 755 911 810 prosequi
950 768 1014 798 me
1050 754 1245 809 pergatis.

382 846 532 900 Neque
566 844 631 889 Te
666 843 823 896 silebo,
864 844 1037 886 multum
1080 841 1328 894 venerande,
1371 840 1614 886 Doctissime

323 932 469 976 Voet
515 944 618 976 van
665 930 934 985 Campen!
980 930 1049 985 qui
1088 943 1150 974 me
1195 943 1366 986 puerum
1402 941 1481 973 una
1518 940 1612 972 cum

322 1020 480 1074 collega
516 1018 720 1073 quondam
765 1009 893 1071 Tuo,
936 1032 1056 1072 quem
1099 1019 1244 1062 Virum
1296 1010 1405 1074 grata
1445 1029 1613 1069 quoque

323 1104 517 1148 memoria
554 1117 702 1158 servo,
734 1105 987 1150 Samuele
1022 1105 1287 1159 verwey‚
1328 1102 1459 1146 latinis
1490 1102 1611 1146 literis

324 1201 365 1234 et
393 1188 640 1238 Graecarum
676 1191 883 1236 elementis
933 1190 1129 1235 imbuisti.
1199 1190 1345 1235 Postea
1378 1198 1476 1232 vero
1515 1198 1611 1231 curn

320 1275 549 1321 studiorum
583 1287 703 1318 causa
750 1274 917 1318 Leidam
964 1274 1270 1330 proficiscerer,
1313 1275 1441 1318 laetus
1479 1274 1518 1317 in
1559 1286 1610 1318 eo

318 1363 491 1407 Divinae
528 1360 804 1406 Providentiae
834 1374 972 1405 curam
1010 1364 1231 1415 recordor,
1275 1362 1388 1416 quod
1430 1360 1500 1404 Tu
1540 1374 1610 1404 eo·

316 1449 408 1492 dem
446 1460 616 1493 vocatus
652 1461 717 1492 me
761 1448 1033 1493 contubernio
1067 1449 1284 1504 recepisti,
1325 1461 1481 1503 perque
1518 1460 1610 1501 sep·

316 1545 397 1577 tem
440 1547 496 1577 et-
524 1535 637 1588 quod
673 1534 851 1578 excurrit
887 1546 1018 1578 annos
1066 1548 1112 1578 ea
1156 1534 1398 1578 domesticae
1437 1547 1608 1577 consue-

318 1620 470 1664 tudinis
507 1620 752 1665 humanitate
795 1632 1041 1675 prosecutus
1098 1635 1171 1674 es,
1226 1633 1270 1664 ut
1313 1632 1401 1664 toto
1446 1631 1610 1675 pectore

318 1720 384 1751 me
410 1707 640 1751 devinctum
679 1705 777 1748 Tibi
808 1706 1007 1759 sentiam,
1035 1705 1149 1760 Tui,
1180 1705 1483 1762 Tuorurnque‚
1519 1708 1607 1761 qui-

314 1795 392 1839 bus
430 1793 582 1850 optima
622 1792 791 1846 quaevis
832 1792 947 1835 Deus
992 1792 1177 1848 tribuat,
1220 1804 1428 1847 nunquam
1467 1793 1607 1837 imme·

312 1894 402 1925 mor
430 1880 613 1925 futurus.

368 1967 504 2012 Vobis
555 1966 761 2021 denique,
813 1965 1127 2009 Commilitones
1175 1965 1449 2010 Amicissimi!
1494 1967 1606 2011 triste

311 2056 414 2100 illud
442 2054 592 2098 Valete
626 2054 735 2097 dico.
796 2052 957 2096 Multos
986 2054 1065 2108 jam
1101 2052 1286 2096 desidero
1322 2054 1502 2108 priorum
1539 2066 1608 2097 an·

312 2154 460 2185 norum
500 2139 677 2192 amicos,
711 2152 817 2193 quos
857 2149 928 2184 aut
979 2151 1089 2182 mors
1129 2139 1295 2194 rapuit,
1346 2149 1416 2184 aut
1461 2140 1605 2184 studiis

314 2227 512 2272 absolutis
551 2228 655 2269 vitae
684 2239 830 2270 cursus
865 2226 943 2269 alio
979 2225 1157 2269 vocavit.
1217 2224 1446 2279 Supersunt
1471 2237 1604 2268 tamen

310 2313 353 2357 in
393 2310 633 2364 Academia,
676 2324 853 2365 quorum
905 2322 943 2353 et
974 2311 1264 2367 jucundissima
1309 2311 1405 2353 milii
1442 2311 1521 2354 fuit
1563 2322 1602 2354 et

310 2402 421 2445 utilis
446 2400 706 2444 familiaritas.
765 2400 880 2454 Vos,
919 2399 1188 2442 Amicissimi!
1236 2397 1342 2440 felici
1374 2409 1476 2453 opto
1510 2413 1600 2441 suc-

309 2502 431 2532 cessu
468 2502 570 2542 quae
607 2497 761 2532 restant
799 2500 924 2542 opera
963 2488 1190 2541 peragatis,
1237 2497 1275 2528 et
1307 2488 1347 2530 in
1384 2499 1605 2540 quemcun-

310 2587 394 2628 que
430 2575 563 2618 locum
601 2577 687 2620 sitis
723 2575 902 2630 abituri,
943 2574 1055 2619 firma
1094 2585 1249 2619 maneat
1287 2574 1391 2620 inter
1430 2587 1508 2619 nos
1550 2589 1596 2619 ac

308 2659 466 2708 stabilis
495 2661 682 2709 amicitia.

1546 2744 1603 2788 L.
