1970 3267
351 212 413 242 90
924 204 1091 246 *²:-

363 341 449 382 que
487 327 723 371 Divinarum
761 335 943 381 pasceret
985 329 1147 384 (37),
1191 337 1229 372 et
1267 329 1430 382 amicis,
1475 328 1656 382 posteris

359 414 534 465 denique
571 413 801 465 prodesset.

417 497 585 554 Quibus
612 508 745 542 autem
771 499 999 542 rationibus
1040 500 1080 543 in
1105 502 1185 543 hoc
1220 496 1355 543 libello
1379 499 1660 542 Providentiae

355 597 521 629 eausam
561 586 716 642 egerit,
757 587 963 642 aptissime
998 586 1161 631 videtur
1193 588 1235 631 in
1275 587 1387 631 brevi
1422 593 1654 643 conspectu

357 671 600 727 Lipsius⁴
642 673 858 717 indicasse.
918 671 1053 728 Cujus
1096 673 1236 717 labore
1272 670 1504 726 (difficilem
1545 673 1654 715 enim

353 771 485 813 supra
519 770 640 811 quam
675 759 820 813 aliquis
857 758 1022 812 credat,
1066 760 1171 802 hanc
1215 770 1548 815 argumentorum
1583 759 1655 801 de·
1714 793 1718 796 .

349 843 616 899 scriptionem
659 843 737 888 sibi
776 842 905 889 fuisse
939 843 1015 888 Vir
1052 844 1234 900 Magnus
1267 845 1308 887 in
1348 843 1658 888 Introductione

353 932 562 985 testatur)
592 931 682 986 eius
718 930 844 987 igitur
881 932 1019 976 labore
1062 932 1163 987 grati
1199 932 1399 975 fruamur.
1460 961 1488 983 „
1516 931 1653 985 Argu·-

357 1048 389 1072 ‚‚
418 1017 637 1062 mentum”
669 1017 859 1074 inquit„
892 1029 983 1074 est,
1013 1019 1309 1064 Providentiam
1331 1031 1450 1063 esse:
1480 1030 1555 1060 nec
1577 1015 1654 1059 ob—

354 1131 386 1157 „
415 1113 548 1155 stare,
593 1103 706 1157 quod
751 1103 872 1147 bonis
923 1105 1024 1146 mala
1077 1103 1299 1157 quaedam,
1342 1103 1415 1145 sed
1459 1109 1650 1152 externas,

351 1218 383 1243 „
411 1189 648 1234 obveniant.
707 1191 844 1235 Primo
885 1191 1010 1247 igitur
1041 1191 1229 1236 universe
1264 1190 1371 1234 illam
1410 1189 1580 1240 asserit,
1626 1200 1653 1230 a

350 1305 382 1330 ,‚
410 1278 551 1320 mundi
587 1286 734 1331 motu,
765 1278 940 1331 ordine,
971 1277 1225 1321 constantia:
1258 1286 1361 1330 quae
1396 1275 1531 1318 omnia
1564 1279 1651 1316 ree·

349 1392 380 1417 ,‚
405 1372 536 1406 torem
557 1365 745 1408 clamant.
801 1365 960 1408 Deinde
991 1364 1043 1407 ad
1067 1362 1295 1418 quaesitum
1320 1361 1516 1416 proprie,
1547 1372 1649 1415 qua·-

348 1479 378 1505 „
405 1463 449 1493 re
482 1461 580 1505 ergo
616 1452 718 1494 mara
751 1450 908 1494 bonis?
951 1450 1023 1493 Ait
1057 1449 1191 1505 primo
1227 1448 1351 1504 (38)
1379 1449 1513 1491 Deum
1543 1459 1649 1492 ama—

347 1564 378 1589 „
406 1547 450 1576 re
492 1535 658 1588 bonos3
714 1546 787 1577 nec
835 1532 1047 1576 immittere
1083 1534 1206 1589 igitur
1240 1534 1289 1576 iis
1330 1534 1450 1576 mala.
1517 1533 1655 1577 Instar

350 1650 381 1676 „
408 1621 586 1676 parenns
636 1621 842 1663 dumtaxat
892 1619 1118 1675 castigare,
1162 1627 1203 1662 et
1260 1622 1462 1664 coercere.
1523 1620 1649 1664 Dein*

349 1735 379 1760 ,‚
409 1706 459 1748 de
511 1707 536 1758 ζ
551 1706 640 1761 39)
694 1713 780 1748 non
831 1706 955 1750 videri
1008 1720 1054 1751 ea
1104 1707 1207 1750 mala
1242 1707 1390 1761 bonis,
1429 1720 1504 1752 nec
1540 1707 1650 1753 vinei

348 1822 377 1846 ‚‚
406 1791 488 1845 iis,
518 1792 592 1835 sed
638 1793 841 1846 εχει-επὶ,
885 1803 925 1836 et
969 1806 1043 1847 per
1079 1791 1221 1848 aspera
1258 1792 1448 1837 indurari.
1510 1793 1650 1840 Deum

344 1909 375 1935 ,.,
403 1880 517 1923 velut
569 1879 861 1935 agonothetam
906 1891 1027 1931 esse,
1068 1888 1108 1923 et
1145 1879 1328 1924 robustis
1366 1878 1431 1922 his
1481 1880 1649 1925 athletis

344 1994 376 2020 „
406 1967 493 2009 suis
541 1966 747 2009 delectari.
820 1964 935 2008 Haec
996 1965 1052 2008 ita
1103 1965 1374 2009 communiter
1393 1995 1409 2018 ,
1459 1976 1500 2008 et
1535 1968 1648 2011 velut

348 2083 380 2109 ,.,
406 2064 682 2109 praeparans,
722 2051 773 2095 ad
821 2052 928 2107 Cap.
974 2049 1048 2096 III.
1090 2051 1157 2095 Ab
1202 2064 1251 2095 eo
1287 2052 1414 2108 magis
1457 2052 1648 2098 distincte

342 2165 378 2195 2,
406 2136 591 2192 quinque
646 2136 856 2191 rationes,
897 2149 972 2180 cur
1017 2138 1203 2182 eveniant
1221 2169 1237 2192 ‚
1279 2139 1446 2194 exsequi
1491 2142 1641 2196 pergit.

1513 2259 1539 2281 „
1563 2227 1646 2272 Pri·

390 2323 510 2375 (37)
538 2323 824 2364 Pulcherrimus
881 2322 952 2362 hac
986 2322 1035 2363 de
1076 2334 1118 2363 re
1158 2325 1271 2365 locus
1315 2334 1374 2365 est
1402 2324 1475 2376 Ep.
1507 2330 1575 2373 65·
1617 2331 1652 2377 §.

337 2402 410 2504 15.(
424 2403 505 2505 ἐξ).
534 2454 595 2496 Ab
616 2455 676 2495 his
694 2455 824 2496 verbis
846 2466 882 2495 c.
907 2463 948 2499 1.
964 2458 996 2507 ς.
1017 2463 1059 2507 5.
1087 2482 1118 2504 ,,
1147 2455 1191 2495 In
1202 2455 1358 2505 gratiam
1380 2464 1420 2496 te
1439 2455 1650 2497 reducat?

333 2532 462 2572 usque
491 2523 538 2561 ad
569 2522 684 2562 finem
717 2522 872 2574 capitis.

387 2586 506 2639 (39)
544 2588 636 2638 Cap.
673 2601 712 2629 ε.
