1970 3267
884 211 1049 251 Ξ
1566 220 1616 254 11

317 363 349 394 „
377 338 527 384 laribus
583 334 775 390 bonis,’'
825 333 1013 394 (Epist.
1047 335 1168 403 Φζμ.)
1212 347 1290 391 ope
1327 334 1611 392 philosophiae

311 426 363 469 ad
409 420 559 466 rectam
604 421 882 477 placidamque
924 431 1098 465 mentem
1130 423 1402 466 contendebat
1448 423 1575 480 (πο)
1588 456 1606 478 ,

312 509 483 553 maxime
508 509 559 552 de
604 506 911 564 quaestionibus
952 490 1053 552 'cum
1095 521 1146 552 eo
1195 509 1332 553 studio
1376 510 1607 567 conjunctis

311 593 429 638 amici
485 594 725 638 sententiam
772 594 980 648 exquirere
1036 594 1212 637 solebat.
1283 595 1487 649 Exemplo
1507 599 1510 601 '
1527 597 1608 640 sint

310 681 574 735 epistolarum
621 681 907 725 nonnullarum
959 680 1152 734 exordia,
1204 681 1332 724 veluti
1385 681 1473 739 Ep.
1536 695 1608 736 72.

316 796 344 822 „
371 766 498 824 Quod
531 765 690 820 quaeris
719 779 741 809 a
777 779 840 808 me
856 798 871 819 ,
895 766 1073 819 liquebat
1108 766 1236 819 mihi,
1261 767 1297 810 si
1324 766 1603 822 remeditarer,

318 881 344 905 „
374 865 446 906 per
480 864 556 894 se:
603 852 688 894 sed
711 852 782 895 diu
815 865 900 893 non
947 853 1140 895 retentavi
1183 854 1414 895 memoriam
1458 867 1603 900 meam.

316 969 344 991 ‚‚
371 939 507 992 itaque
546 950 631 980 non
668 936 786 980 facile
818 951 883 980 me
919 938 1122 991 sequitur.
1178 938 1305 994 Quod
1327 938 1460 981 evenit
1491 938 1606 984 libris

316 1051 344 1077 9,
373 1025 456 1068 situ
489 1023 828 1076 cohaerentibus,
881 1023 961 1065 hoc
995 1023 1176 1066 evenisse
1209 1022 1310 1065 mihi
1338 1023 1499 1067 sentio:
1539 1038 1607 1068 ex-

314 1136 343 1165 -„
371 1112 580 1166 plicandus
623 1120 684 1154 est
716 1109 904 1162 animm,
947 1118 988 1153 et
1023 1121 1291 1163 quaecunque
1337 1110 1448 1165 apud
1494 1110 1610 1156 illum

315 1229 343 1253 ,‚
371 1197 553 1255 deposita
602 1208 727 1252 sunt,
769 1196 942 1242 subinde
982 1196 1116 1241 excuti
1152 1195 1329 1252 debent,
1377 1208 1423 1241 ut
1462 1206 1609 1252 parata

315 1314 344 1340 „
371 1285 480 1337 sint,
516 1285 676 1338 quoties
710 1297 810 1327 usus
841 1284 1035 1338 exegerit.
1095 1282 1210 1338 Ergo
1235 1283 1316 1325 hoc
1344 1284 1385 1325 in
1417 1296 1607 1338 praesen·

315 1403 343 1426 „
372 1373 428 1415 tia
458 1371 713 1414 differamus:
747 1371 920 1413 multum
950 1369 1053 1412 enim
1085 1383 1232 1423 operae
1251 1401 1266 1423 ,
1309 1371 1484 1414 multum
1519 1370 1608 1414 dili-

314 1487 342 1513 „
371 1457 525 1513 gentiae
557 1456 707 1511 poscit.
720 1456 748 1474 '²
788 1455 876 1514 Ep.
910 1457 987 1499 88:
1023 1485 1051 1509 ,‚
1079 1455 1144 1499 De
1182 1455 1412 1500 liberalibus
1440 1455 1602 1502 studiis

313 1569 341 1597 -,.‚
372 1543 470 1598 quid
512 1542 678 1585 sentiam
697 1573 713 1596 ,
758 1541 861 1585 scire
902 1540 1163 1584 desideras.”
1206 1540 1295 1598 Ep.
1332 1545 1401 1595 8).
1438 1570 1466 1593 „
1495 1542 1607 1587 Rem

312 1655 341 1683 ᾖ,
371 1630 507 1674 utilem
545 1629 774 1682 desideras,
823 1638 864 1672 et
898 1628 948 1672 ad
975 1627 1213 1682 sapientiam
1249 1628 1483 1683 properanti
1525 1628 1608 1673 uti·

314 1746 341 1769 ,‚
372 1729 453 1770 que
502 1715 796 1768 necessariam,
836 1714 961 1757 ‘dividi
1004 1713 1337 1769 philosophiam,
1384 1724 1425 1758 et
1464 1714 1607 1771 ingens

315 1826 342 1857 3,
371 1815 524 1856 corpus
565 1802 653 1857 ejus
693 1813 765 1855 per
800 1800 980 1843 membra
1009 1800 1191 1854 disponi.
1225 1805 1244 1855 (
1261 1802 1304 1855 §.
1336 1808 1415 1852 2.)
1446 1800 1609 1845 Faciam

313 1919 340 1942 ,‚
371 1901 469 1944 ergo
508 1889 621 1942 quod
656 1887 814 1942 exigis,
844 1896 883 1930 et
917 1886 1217 1941 philosophiam
1253 1886 1295 1929 in
1324 1896 1487 1941 partes,
1517 1899 1604 1931 non

312 1997 340 2028 ·„
372 1975 414 2018 in
473 1975 603 2019 frusta
651 1973 880 2017 dividam.”
932 1972 1020 2032 Ep.
1071 1975 1169 2019 108.
1227 1972 1362 2028 „1d,
1408 1972 1459 2017 de
1507 1985 1593 2029 quo

314 2092 343 2116 „
374 2062 561 2115 quaeris,
593 2073 641 2103 cx
665 2060 728 2103 his
752 2070 840 2113 est,
871 2065 975 2113 quae
996 2061 1098 2104 scire
1120 2070 1275 2103 tanturn
1295 2073 1344 2103 eo
1361 2092 1373 2112 ,
1402 2070 1448 2104 ut
1470 2060 1605 2115 scias,

314 2176 341 2203 „
370 2149 561 2203 pertinet.
619 2148 700 2191 Sed
733 2146 998 2191 nihilominus
1033 2146 1128 2200 quia
1167 2147 1342 2201 pertinet
1382 2159 1423 2191 et
1457 2161 1607 2202 prope-

1454 2265 1482 2290 „
1510 2247 1606 2291 ras,
1634 2295 1642 2299 μ

359 2351 476 2397 (20)
506 2352 547 2387 In
581 2359 663 2398 quo
697 2348 892 2387 Seneca
924 2357 1062 2396 magno
1089 2347 1174 2387 eum
1219 2347 1350 2388 studio
1371 2347 1545 2399 adjuv‘it,
1570 2356 1615 2387 ut

308 2416 445 2455 scribit
478 2414 550 2465 Ep.
586 2425 653 2461 14:
688 2441 717 2461 ,‚
759 2413 847 2463 Ego
880 2422 998 2463 quum
1039 2413 1224 2453 vidissem
1272 2414 1442 2454 indolem
1486 2423 1613 2460 tuam,

310 2506 343 2526 .,
371 2480 489 2530 inieci
527 2491 699 2526 manum,
736 2479 964 2520 exhortatus
1007 2491 1116 2525 sum,
1153 2482 1281 2520 addidi
1317 2483 1517 2527 stimulos,
1545 2481 1618 2520 nee

307 2572 338 2592 ‚‚
367 2548 471 2584 lente
505 2546 560 2583 ire
600 2556 732 2604 passus
767 2558 878 2595 sum,
918 2547 985 2587 sed
1018 2547 1183 2586 subinde
1214 2546 1408 2588 excitavi.-
1439 2557 1478 2587 et
1516 2554 1617 2586 nune

307 2635 338 2657 „
364 2608 465 2649 idem
499 2608 646 2651 facio?

1048 2674 1080 2716 B
1092 2670 1099 2683 ⁵
1115 2687 1140 2718 2
