1970 3267
882 197 1075 238 ·=
1586 203 1639 249 29

356 322 450 370 dum
498 323 548 368 ab
598 335 642 367 ea
688 324 915 375 videretur,
966 324 1052 380 ejus
1101 323 1156 366 rei
1204 324 1393 367 rationem
1438 322 1480 365 in
1521 336 1641 370 notu-

354 412 402 455 lis
450 408 642 465 subiectis
667 396 669 398 ¹
693 410 897 453 redderem
940 410 1064 464 (3),
1120 420 1205 453 tum
1254 420 1425 455 ceteram
1474 409 1643 454 varieta-

352 507 431 537 tem
454 526 468 548 ,
510 509 611 550 quae
653 495 746 539 licet
787 495 851 539 in*
874 506 1026 540 textum
1074 507 1157 539 non
1205 495 1455 550 recipienda,
1496 506 1640 543 notatu

353 588 483 624 tamen
515 582 633 636 digna
668 581 897 637 videretur,
937 581 1076 637 paucis
1108 592 1480 625 commemorarem.

407 667 465 710 Et
495 666 752 721 praefationis
792 668 855 711 hic
894 668 985 713 finis
1026 680 1115 711 esse
1152 674 1323 721 posset,
1371 664 1448 709 nisi
1479 666 1637 723 J‘amJam

351 752 588 796 Academiae
640 754 907 798 valedicturus
965 764 1012 798 ut
1070 753 1145 804 iis,
1207 751 1277 805 qui
1327 750 1429 793 bene
1475 751 1525 793 de
1573 765 1637 795 me

351 836 479 879 meriti
512 848 635 890 sunt,
679 839 823 893 gratias
860 852 1050 893 agerem,
1095 848 1135 880 et
1170 851 1260 879 mos
1303 836 1549 890 requireret,
1596 848 1638 879 et

350 936 447 965 vero
487 936 632 967 sensus
667 925 787 968 animi
822 927 1062 979 postularet.

407 1007 538 1050 Vobis
586 1009 734 1064 igitur,
784 1011 872 1053 Viri
927 1011 1180 1055 Clarissimi!
1234 1010 1635 1066 Siegenbeeki‚

352 1093 550 1146 Palmi,
604 1094 917 1149 Reuvensi‚
964 1096 1304 1151 Tydemanni
1352 1097 1512 1142 Pater
1570 1110 1638 1142 at-

353 1192 450 1231 que
494 1180 628 1233 Fili,
676 1180 907 1224 Asseni!
952 1191 990 1223 et
1042 1193 1145 1234 quae
1191 1190 1319 1224 cetera
1365 1182 1469 1225 clara
1507 1194 1640 1227 vestra

350 1265 511 1306 nomina
549 1279 756 1308 recensere
808 1280 1002 1319 possem,
1047 1280 1153 1319 quos
1199 1266 1240 1308 in
1280 1267 1391 1310 vario
1440 1269 1638 1312 doctrina-

351 1365 442 1394 rum
477 1364 620 1405 genere
644 1352 926 1405 praeceptores
950 1352 1123 1405 habere,
1156 1366 1332 1406 quorum
1369 1353 1634 1399 eruditionem

350 1432 560 1488 admirari,
597 1434 913 1479 benevolentiam
954 1446 992 1479 et
1030 1437 1310 1480 humanitatem
1345 1438 1512 1494 experiri
1535 1451 1638 1481 con·

349 1524 469 1573 tigit,
518 1523 869 1573 persuasissimum
916 1523 1048 1564 Vobis
1092 1525 1144 1564 sit
1190 1526 1238 1565 de
1285 1536 1398 1576 grato
1447 1527 1634 1579 discipuli

350 1608 502 1651 animo.

404 1692 494 1733 Vos
531 1699 661 1733 autem
698 1688 913 1742 praecipue
953 1691 1215 1742 compellandi
1246 1691 1343 1735 mihi
1386 1693 1506 1746 estis,
1542 1693 1637 1737 Cia-

348 1777 496 1820 rissimi
533 1776 670 1819 Baki
712 1786 751 1817 et
784 1775 1166 1830 Peerlkampi!
1208 1780 1305 1821 alter
1342 1781 1436 1823 olim
1482 1780 1638 1823 adoles·

347 1862 498 1904 centiae
535 1874 644 1904 meae
682 1861 920 1915 Praeceptor
959 1861 1191 1913 carissime,
1228 1865 1326 1906 alter
1361 1864 1404 1905 in
1456 1865 1529 1906 hac
1567 1877 1635 1907 so·

346 1949 534 1990 lennitate
557 1948 771 1990 promotor
808 1927 1166 1999 Aestimatissime,
1204 1958 1373 2001 uterque
1403 1948 1630 1991 studiorum

348 2047 530 2078 meorum
568 2034 663 2077 Dux
701 2044 757 2086 et,
779 2034 954 2089 Adjutor
993 2032 1163 2087 optime!
1239 2033 1364 2090 Quod
1396 2032 1430 2075 si
1469 2044 1629 2087 tempus

345 2120 601 2175 praeteritum
646 2119 923 2162 recordatione
962 2129 1135 2173 repeto,
1176 2129 1241 2161 tot
1276 2132 1320 2161 ac
1366 2129 1472 2162 tanta
1504 2129 1633 2161 vestra

343 2206 535 2248 beneficia
569 2216 813 2257 occurrunt,
857 2216 901 2247 ut
955 2205 1053 2258 quid
1097 2205 1213 2247 vobis
1259 2205 1452 2256 debeam,
1497 2204 1630 2246 verbis

342 2292 438 2335 satis
475 2291 694 2345 exprimere
728 2305 791 2334 me
825 2304 949 2345 posse
991 2291 1186 2333 diffidam:
1233 2301 1429 2343 pectore,
1471 2300 1631 2343 pectore

1577 2385 1634 2413 m-

411 2515 497 2560 (3)
528 2516 581 2551 Ita
616 2522 763 2557 tamen,
791 2521 830 2549 ut
859 2512 1207 2562 interpunctionem
1235 2520 1269 2547 et
1298 2510 1635 2559 orthographiam,

333 2591 373 2615 v.
423 2591 460 2614 c.
501 2593 582 2616 cum
625 2592 668 2615 an
702 2593 813 2625 quum
849 2580 1115 2619 scnbendum.
1159 2590 1195 2615 et
1234 2588 1329 2623 quae
1362 2590 1484 2615 voces
1521 2580 1634 2617 literis

334 2644 554 2691 majusculis
590 2644 793 2680 ordiendae
826 2654 977 2689 essent,
1016 2644 1194 2689 integram
1232 2643 1324 2681 mihi
1356 2653 1551 2681 servarem.

1022 2721 1117 2773 Da
