1970 3267
857 210 1022 231 ...-
1531 218 1584 264 ,5

293 338 576 388 Providentia
611 332 696 379 sive
734 334 1000 390 Moralium,
1050 348 1153 392 quae
1190 335 1232 381 in
1267 337 1391 383 libelli
1425 336 1578 394 princi·

293 428 364 484 pio
397 421 613 477 reperitur.
671 421 732 465 Ita
766 421 873 464 enim
901 435 940 467 c.
970 435 1011 469 1.
1042 425 1084 478 δ.
1115 435 1165 467 1:
1216 454 1246 480 „
1272 425 1367 469 Hoc
1391 438 1579 471 commo-

298 542 328 569 „
353 510 446 554 dius
480 508 524 552 in
553 516 748 554 contextu
785 508 919 563 operis
952 510 1209 566 redderetur,
1252 525 1347 557 cum
1387 527 1574 568 praeesse

299 628 329 655 .‚
355 596 555 642 universis
591 596 886 642 Providentiam
931 598 1199 654 probaremus
1212 631 1228 653 ,
1281 609 1323 643 et
1381 599 1576 644 interesse

297 714 327 739 „
354 682 475 728 nobis
510 683 674 736 Deum3
715 682 788 726 sed
828 682 1019 737 quoniam
1056 696 1080 726 a
1122 693 1213 744 toto
1246 684 1483 738 particulam
1516 698 1579 727 re·

297 798 326 824 ,‚
353 769 449 812 velli
487 767 644 822 placet,
673 777 713 810 et
743 781 863 812 unam
893 769 1252 813 contradictionem
1266 799 1281 823 ‚
1306 778 1492 814 manente
1525 768 1577 810 li·

296 884 324 911 ‚‚
351 863 393 898 te
410 855 562 910 integra
578 885 593 908 ,
622 856 808 911 solvere3
839 854 980 900 faciam
1003 869 1087 900 rem
1114 870 1198 902 non
1218 856 1413 901 difficilem
1429 885 1446 909 ,
1475 867 1572 899 cau-

297 972 326 997 „
351 956 435 987 sam
468 944 636 986 deorum
664 956 797 997 agam.
853 943 1158 997 Supervacuum
1188 956 1251 989 est
1285 946 1328 987 in
1351 943 1575 998 praesentia

297 1058 325 1081 „
354 1026 594 1081 ostendere,
634 1040 718 1072 non
759 1026 847 1072 sine
884 1028 1024 1083 aliquo
1060 1029 1234 1073 custode
1271 1037 1431 1073 tantum
1466 1040 1576 1083 opus

296 1143 324 1167 „
353 1124 485 1167 stare,
514 1126 588 1155 nec
612 1123 692 1156 cet.
723 1136 778 1146 —
805 1116 826 1166 (
839 1116 882 1168 §.
906 1117 984 1168 4.)
1014 1116 1101 1158 Suo
1138 1115 1214 1157 ista
1247 1113 1421 1167 tempori
1447 1126 1578 1157 reser-

296 1228 324 1252 „
353 1209 514 1242 ventur.
528 1198 556 1217 ’²
614 1197 842 1252 Dubitant‚
883 1210 1061 1253 quonam
1098 1199 1195 1242 haec
1235 1197 1442 1242 referenda
1473 1198 1574 1243 sint.

292 1285 401 1328 Cum
437 1283 540 1325 enim
576 1283 662 1339 Ep.
697 1284 802 1335 106,
839 1285 948 1335 108,
985 1296 1078 1337 109.
1112 1283 1230 1336 plane
1260 1284 1381 1328 simili
1418 1284 1574 1328 ratione

289 1369 450 1415 Lucilio
497 1368 646 1412 scribat
691 1382 762 1421 ea,
808 1382 912 1423 quae
950 1369 1016 1412 ille
1051 1370 1347 1425 quaesivisset,
1390 1384 1573 1415 commo-

289 1454 379 1511 dius
414 1452 600 1508 explicari
633 1465 757 1507 posse
802 1452 912 1497 libris
932 1484 949 1507 ,
988 1466 1094 1508 quos
1128 1467 1221 1499 cum
1255 1456 1426 1502 maxime
1464 1457 1571 1501 ordi-

284 1551 433 1593 naret,
474 1549 600 1583 totam
636 1541 825 1581 moralem
862 1540 1145 1593 philosophiae
1173 1551 1326 1594 partem
1359 1544 1575 1585 continen-

287 1639 349 1672 tes
377 1630 398 1680 <
413 1629 467 1671 26
492 1637 530 1679 ⁴,
562 1625 723 1667 eosdem
759 1624 823 1666 hic
860 1624 1026 1680 intelligi
1060 1635 1177 1679 putat
1203 1626 1575 1683 Ruhkopfius.

289 1716 442 1758 Verum
480 1714 662 1768 quaestio
693 1715 742 1757 de
772 1714 1025 1757 Providentia
1060 1727 1197 1757 nonne
1231 1717 1372 1768 potius
1405 1716 1456 1759 ad
1482 1729 1569 1760 eam

289 1800 572 1857 philosophiae
605 1810 759 1865 partem
793 1800 993 1855 pertinere
1021 1802 1220 1845 censenda
1257 1812 1344 1855 est,
1387 1814 1492 1856 quae
1518 1802 1569 1845 de
1624 1825 1627 1827 -

285 1887 406 1931 rebus
442 1887 599 1931 Divinis
638 1890 768 1943 (27)
809 1899 928 1942 quam
957 1886 1007 1929 ad
1034 1887 1251 1940 moralem,
1283 1900 1386 1940 quae
1415 1887 1465 1930 de
1490 1886 1566 1930 hu-

1485 1987 1570 2017 ma-

279 2104 310 2125 „
334 2084 454 2115 tutem
485 2073 641 2120 curavi,
679 2082 721 2112 ut
752 2073 852 2113 bene
885 2074 1077 2121 viverem
1114 2073 1154 2112 in
1176 2081 1396 2119 senectute,
1434 2080 1476 2110 ut
1507 2071 1579 2110 be-

275 2169 307 2191 ,‚
334 2153 383 2181 ne
416 2138 593 2178 moriar?

325 2204 447 2257 (26)
473 2203 547 2252 Ep,
590 2201 678 2247 106,
723 2202 760 2252 §.
796 2215 817 2241 ο
857 2203 930 2241 ait:
986 2229 1015 2250 ‚‚
1045 2203 1123 2242 scls
1161 2202 1261 2242 enim
1296 2212 1357 2242 me
1391 2202 1575 2242 moralem

276 2298 307 2318 „
333 2268 616 2320 philosophiam
648 2269 748 2305 velle
778 2268 1016 2315 complecti,
1055 2278 1092 2306 et
1128 2278 1259 2306 omnes
1294 2268 1341 2306 nd
1373 2279 1455 2307 eam
1487 2278 1577 2316 per-

275 2364 306 2384 „
331 2337 492 2374 tinentes
524 2332 764 2381 quaestiones
805 2332 1024 2381 explicare:
1061 2342 1099 2370 et
1133 2330 1206 2382 Ep.
1242 2344 1318 2381 seq.
1345 2336 1376 2380 s.
1412 2345 1471 2380 ις.
1503 2347 1569 2386 ap.

273 2403 391 2451 pellat
424 2402 575 2443 moralis
621 2399 891 2450 philosophiae
924 2399 1135 2438 volumina.
1186 2398 1408 2449 Lactantius
1438 2409 1488 2439 ex
1523 2401 1575 2442 iis

274 2468 481 2517 fragmenta
513 2468 694 2517 quaedam
726 2465 905 2505 servavit.
1454 2520 1456 2522 q

325 2536 440 2584 (27)
468 2533 625 2574 Stoicos
657 2532 811 2583 quidem
830 2534 962 2570 locum
994 2529 1044 2569 de
1077 2530 1184 2569 Deo
1215 2530 1260 2569 ad
1281 2529 1442 2581 physica
1473 2541 1577 2572 retu.

269 2599 359 2639 lisse
388 2599 504 2638 docet
528 2600 672 2649 Lips.
695 2596 853 2647 Physiol.
890 2596 1005 2636 Stoic.
1026 2597 1055 2637 Ι.
1085 2610 1122 2638 2.
1150 2597 1235 2637 diss.
1260 2609 1298 2643 3·
1350 2602 1483 2638 Locus
1511 2610 1575 2638 au·

1498 2672 1572 2701 tem
1618 2692 1622 2695 -
