1970 3267
339 193 396 236 4ο
903 188 1066 225 =

393 309 474 354 fert
519 309 646 352 ullum
701 310 822 354 ictum
858 308 993 354 illaesa
1028 310 1197 355 felicitas
1217 324 1231 353 t
1280 319 1320 354 at
1361 309 1431 354 ubi
1470 307 1631 352 assidua

396 395 473 438 fuit
504 405 599 436 cum
638 392 903 435 incommodis
943 394 1031 437 suis
1064 396 1172 447 rixa,
1213 394 1359 437 callum
1407 407 1479 448 per
1525 392 1632 448 inju·
1676 415 1683 421 -

391 478 470 521 rias
511 476 653 530 ducit,
683 488 758 519 nec
794 476 866 520 ulli
903 477 1012 522 malo
1059 479 1192 522 cedit:
1237 478 1310 522 sed
1345 477 1502 521 etiamsi
1533 475 1635 520 ceci·

335 575 362 619 5
391 564 524 619 derit,
566 565 616 608 de
653 578 761 621 genu
794 573 965 621 pugnat.
1025 565 1195 610 Miraris
1232 577 1303 619 tu,
1347 567 1382 609 si
1418 566 1532 610 Deus
1567 566 1633 609 ifle

396 651 600 697 bonorum
651 651 979 704 amantissimus,
1026 652 1099 705 qui
1150 652 1244 697 illos
1292 666 1412 707 quam
1456 651 1635 706 optimos

399 723 496 782 esse
541 747 662 791 atque
709 737 1067 781 excellentissimos
1115 739 1205 782 vult
1225 768 1241 791 ‚
1284 736 1489 783 fortunam
1527 737 1632 790 illis,

395 836 490 866 cum
525 836 605 877 qua
650 833 933 877 exerceantur,
982 824 1197 880 assignat?
1267 824 1363 880 Ego
1408 837 1506 867 vero
1546 836 1631 867 non

397 910 555 965 miror,
596 910 632 954 si
673 911 887 965 aliquando
913 911 1110 965 impetum
1139 911 1304 965 capiunt
1334 910 1402 955 Dii
1430 910 1638 965 spectandi

397 1008 569 1053 magnos
613 997 750 1051 viros,
781 997 1046 1041 colluctantes
1083 1011 1176 1040 cum
1222 997 1354 1051 aliqua
1400 978 1635 1040 calamitate.

399 1081 536 1126 Nobis
572 1083 771 1126 interdum
818 1083 1017 1136 voluptati
1067 1093 1158 1135 est,
1197 1083 1231 1125 si
1270 1083 1504 1125 adolescens
1537 1095 1639 1125 con·

394 1167 540 1211 stantis
584 1168 707 1211 animi
765 1169 981 1211 irruentem
1027 1167 1152 1210 seram
1193 1168 1395 1211 venabulo
1439 1167 1596 1222 excepit
1617 1199 1639 1220 ,

392 1252 427 1296 si
484 1253 612 1296 lconis
655 1252 863 1296 incursum
924 1252 1131 1296 interritus
1185 1252 1383 1307 pertulit:
1439 1261 1635 1306 tantoque

402 1340 680 1393 spectaculum
718 1350 779 1381 est
807 1340 986 1394 gratius,
1012 1349 1177 1393 -quanto
1215 1340 1256 1382 id
1281 1339 1490 1383 honestior
1520 1339 1633 1383 fecit.

342 1427 369 1471 6
399 1426 498 1471 Non
537 1438 635 1471 sunt
679 1427 754 1470 ista
776 1459 790 1480 ,
832 1440 934 1480 quae
973 1437 1149 1482 possunt
1185 1427 1370 1471 Deorum
1395 1427 1435 1470 in
1471 1440 1515 1470 se
1549 1427 1640 1469 vul·

1549 1523 1642 1556 tum-

392 1610 526 1647 Duc'it.
562 1609 673 1646 Febr.
696 1609 812 1646 duxit
830 1635 841 1653 ,
871 1609 976 1657 quod
1012 1610 1176 1647 sortasse
1196 1610 1343 1648 melius.

394 1674 595 1712 ceciderit.
649 1673 781 1712 Ruhk.
825 1677 929 1711 solus
964 1676 1083 1712 edidit
1119 1674 1327 1722 0cctderit5
1363 1674 1510 1720 ceteri,
1547 1686 1646 1724 quos

341 1739 421 1776 vidi
453 1749 612 1784 omnes,
659 1727 772 1776 etiarn
797 1738 893 1775 Mes.
924 1739 1130 1784 ceciderim
1169 1743 1244 1777 hoc
1279 1740 1395 1787 igitur
1429 1740 1552 1778 visum
1586 1751 1645 1779 est

341 1805 634 1844 restituendum.
1205 1852 1210 1856 ¹

395 1863 432 1918 ς’.
459 1869 643 1920 Impetum
678 1871 836 1919 capiunt
870 1871 938 1907 Dii
970 1870 1186 1919 spectandi,
1239 1871 1266 1909 i.
1299 1881 1336 1911 e.
1370 1871 1516 1919 cupido
1545 1875 1650 1912 Deos

341 1936 487 1974 incedit
522 1933 744 1982 spectandi:
790 1944 889 1981 qnae
932 1934 1085 1971 locutio
1118 1935 1308 1972 Suetonio
1340 1934 1533 1984 frequens.
1587 1937 1650 1975 Ex

346 2010 392 2039 ea
425 2011 503 2038 non
535 2001 732 2037 intellecta
758 1999 919 2037 flua-{sse
957 1999 1110 2036 videtur
1139 1999 1356 2044 Codicum,
1393 2001 1504 2036 etiam
1541 2000 1654 2039 Leid.

347 2065 496 2110 lectio,
542 2074 655 2112 quam
692 2064 802 2104 Pinc.
831 2074 990 2112 quoque
1024 2064 1061 2101 in
1097 2075 1169 2101 suo
1202 2065 1384 2112 exemplo
1417 2063 1571 2101 habuit:
1619 2066 1655 2103 st·

345 2130 551 2179 aliquando
574 2133 751 2178 impetum
780 2132 949 2178 capiunt.
997 2131 1179 2179 Spectant
1209 2129 1306 2167 Dii:
1346 2130 1447 2167 unde
1480 2130 1591 2169 Pinc.
1616 2141 1655 2168 et

349 2201 468 2235 Gron.
503 2195 633 2234 secere
672 2198 705 2233 si
733 2194 880 2243 quando
915 2198 944 2232 i.
977 2208 1008 2232 e.
1040 2195 1246 2244 spectandi.
1298 2196 1403 2243 Lips.
1438 2204 1475 2232 et
1522 2195 1655 2234 Ruhk.

351 2269 439 2299 ante
461 2268 570 2309 spect.
594 2261 785 2298 inseruere
808 2261 903 2305 Dii,
925 2272 1023 2308 quos
1048 2271 1205 2299 secutus
1219 2271 1325 2304 sum,
1340 2260 1412 2297 uisi
1435 2259 1543 2307 quod
1565 2270 1655 2297 auc-

353 2325 511 2362 toritate
533 2325 664 2363 Codd.
696 2324 784 2362 dedi
812 2324 1040 2372 aliquando,
1079 2325 1185 2372 quod
1216 2333 1488 2371 nonnunquam
1512 2323 1550 2361 in
1573 2334 1656 2372 gra-

351 2390 451 2428 viori
485 2391 682 2434 oratione,
722 2399 763 2426 ut
797 2389 835 2426 h.
868 2391 893 2427 Ι.
926 2399 1014 2436 post
1048 2394 1080 2427 si
1111 2398 1327 2436 usurpatur.

401 2454 626 2494 Interritus.
679 2453 791 2492 Fabr.
822 2456 927 2489 inter
958 2456 1071 2491 ictus.

404 2521 619 2560 Honestior.
670 2522 763 2559 Aru.
797 2518 1012 2562 honestius,
1052 2516 1160 2564 quod
1196 2516 1373 2564 frigidius
1405 2517 1572 2557 videtur-

408 2588 448 2623 6.
474 2589 639 2625 Possunt.
690 2587 793 2624 voss
839 2587 998 2633 possint.
1050 2583 1154 2621 Idem
1187 2593 1318 2622 contra
1349 2594 1422 2633 pro
1452 2587 1656 2635 respiciat·

354 2651 462 2700 quod
494 2662 585 2689 mox
617 2653 815 2699 sequitur,r
853 2652 1023 2700 respicit.
1588 2647 1664 2685 Sed
