1970 3267
888 215 1053 258 ===
1564 225 1614 272 13

333 371 370 399 „
398 343 491 402 Caii
523 340 686 390 coedent
726 340 820 389 editi
875 350 973 390 sunt
988 373 1004 397 ,
1056 342 1158 390 nihil
1219 342 1371 399 liquido
1417 342 1610 392 affirmare

328 425 512 477 ausim-⁹?
550 426 645 485 Qun
679 439 773 475 cum
796 427 1030 484 suspicione
1049 462 1064 484 ,
1090 428 1287 485 quantum
1311 431 1362 477 ad
1389 430 1539 479 librum
1559 430 1611 475 de

330 510 634 567 Providentia,
669 512 734 561 Li
748 513 908 569 psius
951 514 1005 563 ita
1054 516 1284 569 consentit,
1323 525 1370 564 ut
1412 525 1452 563 et
1493 515 1610 565 aliam

327 598 534 654 proferam
568 599 611 648 in
650 599 911 656 Argumenta
955 601 1159 650 scribens:
1199 632 1226 654 „
1267 604 1430 649 Aureus
1459 600 1528 648 hic
1560 603 1608 649 li-

330 716 359 741 „
386 685 517 731 bellus
532 696 620 741 est,
646 697 686 731 et
698 686 892 743 scriptum
910 698 1005 744 post
1032 689 1257 744 Caligulam
1284 688 1402 732 video
1426 701 1474 735 ex
1497 688 1606 744 Cap.

331 803 362 827 ‚‚
389 773 465 817 lv.
481 773 578 829 Ego
591 776 885 820 mirmillonum
900 807 916 829 ‚
927 775 1059 829 inquit
1070 806 1086 828 ‚
1110 774 1183 822 sub
1198 775 1245 823 C,
1262 775 1445 822 Cae-‘ar‘
1459 773 1607 821 audivi

329 888 357 912 „
385 857 434 902 de
455 861 644 907 raritate
670 874 889 909 memorum
911 870 1164 918 querentem.
1180 860 1227 906 In
1241 860 1455 915 praeterito
1473 860 1605 916 loqui-

329 975 358 999 „
386 957 483 1001 tur,
511 956 552 990 et
587 947 636 990 de
661 947 825 991 homine
870 960 914 995 ae
949 958 1162 1001 tempore,
1202 947 1316 1000 quod
1357 946 1452 992 fuit.
1498 947 1604 995 Puto

327 1062 355 1086 „
383 1032 507 1088 igitur
529 1032 609 1078 sub
635 1032 805 1078 Claudio
823 1034 984 1086 ,statim
1008 1047 1031 1079 a
1048 1033 1303 1088 reditu3imo
1327 1032 1425 1089 quid
1449 1036 1485 1078 si
1505 1033 1604 1082 haec

325 1149 355 1173 ,‚
391 1120 672 1174 philosophica
722 1120 916 1175 quaedam
967 1120 1008 1168 in
1061 1120 1237 1169 exsilio?
1289 1132 1380 1168 nam
1430 1119 1503 1165 diu
1547 1119 1604 1167 ibi

322 1235 352 1259 ‚,
381 1206 542 1259 haesit,
592 1218 721 1250 annos
771 1205 927 1253 circiter
974 1216 1100 1260 octo,
1154 1216 1194 1248 et
1236 1207 1345 1262 iuste
1392 1207 1474 1250 hoc
1524 1206 1604 1254 ele-

322 1322 350 1344 „
376 1293 504 1347 gerit,
543 1292 620 1334 sibi
663 1292 883 1337 solando.”
940 1293 996 1334 Et
1027 1292 1120 1341 huic
1157 1292 1318 1345 quidem
1346 1291 1433 1339 Viri
1458 1290 1602 1348 Magni

313 1377 569 1433 conjecturae
613 1377 726 1431 quod
767 1376 889 1435 objici
927 1377 1087 1431 possit,
1139 1388 1265 1427 unum
1307 1376 1486 1431 aliquid,
1543 1377 1600 1424 le·

316 1463 546 1507 viusculum
596 1461 798 1516 fortasse,
842 1463 941 1504 liber
976 1463 1063 1516 ipse
1106 1476 1321 1518 suggerere
1356 1464 1455 1505 mihi
1473 1463 1597 1523 ,visus

315 1560 395 1594 est.
453 1551 560 1593 Cum
609 1550 712 1592 enim
761 1565 783 1592 c
836 1565 877 1598 4.
908 1551 950 1603 §.
995 1564 1061 1592 12.
1108 1560 1305 1602 quantum
1341 1550 1596 1593 consuetudo

312 1635 448 1690 possit
489 1636 528 1677 in
569 1635 680 1678 malis
719 1634 913 1678 leniendis
955 1635 1134 1688 efficere,
1179 1634 1437 1681 barbararum
1468 1636 1598 1680 natio·

312 1735 412 1767 num
448 1724 633 1778 exemplo
677 1722 835 1776 firmat,
867 1735 970 1776 quae
1012 1722 1055 1764 in
1097 1734 1253 1766 summa
1296 1722 1374 1765 soll
1408 1721 1593 1776 coelique

308 1819 350 1852 et
397 1808 530 1858 victus
574 1808 788 1863 asperitate
830 1821 914 1857 non
950 1818 1082 1855 tamen
1132 1807 1313 1856 infelices
1352 1809 1456 1861 sint,
1486 1808 1594 1858 Get-

310 1907 453 1939 manos
502 1894 648 1947 affert‚
708 1925 734 1948 „
766 1904 806 1937 et
846 1893 1045 1948 quidquid
1084 1894 1190 1937 circa
1221 1895 1369 1938 Istrum
1400 1907 1592 1950 vagarum

309 2013 337 2034 ,‚
368 1982 548 2038 gentium
598 1992 798 2025 occursat.
815 1982 842 2000 ’⁹
914 1981 1066 2038 Quidni
1107 1982 1141 2023 si
1176 1981 1378 2034 scripserit
1413 1981 1509 2024 haec
1544 1981 1587 2023 in

307 2069 504 2122 Corsica,
548 2068 740 2118 Corsicae
774 2068 913 2123 potius
939 2066 1216 2116 memoraverit
1249 2066 1429 2114 incolas?
1468 2067 1587 2123 cujus

304 2156 461 2200 insuiae
506 2155 706 2199 tristitiam
744 2168 789 2197 ea
827 2154 988 2208 quidem
1036 2164 1182 2208 parte,
1231 2167 1311 2207 qua
1346 2154 1434 2208 ipse
1469 2154 1590 2209 dege·

303 2242 372 2285 bat
410 2242 533 2296 (αα)
570 2243 612 2284 in
649 2241 811 2284 consol.
841 2242 891 2283 ad
917 2251 1082 2284 matrem
1120 2240 1304 2283 Helviam
1340 2240 1433 2283 inde
1468 2240 1589 2284 missa

295 2344 336 2375 c.
369 2330 411 2379 6,
445 2330 484 2389 §.
517 2342 561 2382 4,
600 2328 654 2372 ita
687 2326 836 2375 refert:
899 2357 926 2381 ,‚
956 2327 1069 2384 Quid
1108 2337 1189 2372 tam
1228 2328 1382 2371 nudum
1421 2326 1589 2371 inveniri

1500 2424 1592 2456 sen-

363 2537 486 2591 (οὲ)
522 2540 621 2588 Nam
657 2549 794 2587 cetera
837 2539 1001 2587 Corsica
1034 2538 1245 2586 secundum
1287 2539 1501 2580 Diodorum
1535 2539 1590 2578 Si-

288 2604 419 2649 culum
445 2614 482 2652 et
504 2606 668 2654 Plinium
693 2605 897 2653 secundior
920 2614 1012 2652 erat.
1040 2605 1129 2654 Vid.
1162 2605 1240 2646 Ru
1256 2605 1332 2648 bk.
1351 2606 1407 2646 ad
1436 2607 1507 2646 Sen
1525 2607 1549 2646 Ι.
1562 2606 1590 2645 Ι.

538 2682 540 2684 .
933 2672 965 2714 Β
996 2685 1021 2728 3
