1970 3267
837 213 1000 254 Ξ
1505 212 1569 261 47

310 342 446 401 'Quid
474 338 610 394 ergo?
637 337 794 383 felicior
816 344 956 390 esset,
988 336 1025 380 si
1053 336 1095 381 in
1130 336 1226 381 sinu
1262 333 1410 380 amicae
1444 332 1564 381 fove·

278 430 308 471 6
334 436 395 471 tet
426 424 622 466 manum?
665 421 810 465 Infelix
835 432 899 466 est
922 422 1155 476 Fabricius,
1179 425 1294 476 quod
1315 438 1386 469 rus
1408 436 1564 479 suum,

330 518 529 565 quantum
558 523 581 555 a
610 509 816 565 republica
851 510 1033 565 vacavit,
1074 490 1216 554 fodit?
1261 511 1374 564 quod
1409 494 1563 556 bellum

326 605 409 640 tam
440 609 536 641 curn
578 596 773 654 Pyrrho,
795 611 916 655 quam
957 611 1052 643 cum
1081 596 1230 641 divitiis
1273 596 1404 652 gerit?
1448 597 1563 650 quod

328 683 380 727 ad
420 681 562 728 focum
612 696 757 731 coenat
796 687 884 732 illas
924 687 1034 741 ipsas
1075 684 1229 729 radices
1243 714 1259 737 ‚
1305 691 1346 725 et
1390 681 1567 736 herbas,

331 781 434 822 quas
463 768 508 813 in
534 781 633 827 agro
661 771 912 829 triumphalis
935 783 1062 817 senex
1084 770 1245 817 vulsit?
1302 769 1416 827 Quid
1432 769 1568 825 ergo?

329 853 488 899 felicior
521 866 656 913 esset,
685 858 721 904 si
754 858 797 903 in
832 869 1014 904 ventrem
1062 871 1183 904 suum
1225 856 1439 913 longinqui
1471 857 1565 901 lito-

327 941 384 984 ris
434 941 568 995 pisces
585 974 602 998 ,
642 954 683 988 et
727 946 936 1001 peregrina
989 946 1162 1001 aucupia
1209 944 1478 999 congereret?
1529 944 1566 989 si

325 1026 556 1082 conchyliis
586 1027 733 1083 Superi
763 1038 888 1084 atque
928 1029 1050 1074 Inferi
1084 1029 1205 1074 maris
1245 1024 1445 1085 pigritiam
1477 1039 1566 1074 sto·

327 1111 460 1156 machi
509 1112 739 1158 nauseantis
793 1112 963 1170 erigeret
977 1112 1000 1156 22
1058 1111 1094 1157 si
1135 1112 1290 1170 ingenti
1337 1125 1561 1168 pomorum

331 1208 446 1245 strue
482 1200 663 1256 cingeret
700 1198 853 1255 primae
895 1197 1052 1243 formae
1094 1199 1232 1253 feras,
1273 1210 1410 1255 captas
1443 1201 1570 1245 multa

1481 1298 1571 1330 cae·

320 1374 361 1410 6.
411 1370 458 1409 In
488 1383 597 1421 agro.
648 1370 743 1410 Post
775 1369 871 1409 haec
905 1369 1020 1410 verba
1051 1370 1091 1409 in
1124 1369 1318 1420 prioribus
1347 1370 1434 1411 edd.
1467 1369 1572 1412 addi-

271 1444 352 1473 tum
383 1445 461 1474 erat
494 1435 756 1485 repurgando,
791 1434 899 1483 quod
942 1435 1080 1484 Lipsio
1109 1445 1360 1486 suspectum,
1404 1446 1495 1475 cum
1528 1436 1572 1476 in

270 1502 465 1540 nonnullis
495 1501 615 1541 codd.
641 1501 820 1547 abesset,
857 1500 974 1549 ejecit
1003 1499 1140 1540 Ruhk.
1167 1501 1341 1549 Uterque
1363 1501 1475 1541 Leid.
1504 1512 1570 1541 or-

273 1566 364 1605 dine
404 1566 601 1605 eontnrio
644 1565 811 1615 praefert
848 1567 890 1602 in
922 1571 1076 1613 repurg.
1107 1575 1229 1612 agro,
1266 1575 1349 1611 quo
1389 1564 1575 1613 probabi-

266 1630 342 1668 lius
390 1633 462 1676 fit,
505 1629 602 1668 illud
634 1629 797 1668 alienum
832 1638 929 1667 esse.
979 1626 1126 1666 Vitium
1160 1627 1249 1666 inde
1288 1627 1450 1667 ssuxisse
1481 1638 1575 1668 con-

265 1695 405 1743 jicias,
439 1695 548 1744 quod
581 1695 719 1744 aliquis
758 1694 920 1733 curium
962 1703 1051 1732 cum
1089 1693 1268 1734 Fabricio
1302 1694 1574 1743 confundens,

265 1759 312 1797 ad
343 1759 489 1800 radices
530 1759 800 1809 interpretandi
849 1769 966 1797 causa
998 1767 1114 1808 rapas
1146 1759 1186 1796 in
1228 1760 1397 1808 margine
1428 1771 1573 1809 posue·

267 1827 343 1872 rit,
379 1827 496 1877 idque
540 1826 666 1863 minus
702 1826 806 1862 clue
838 1825 1025 1873 seriptum
1054 1834 1192 1873 postea
1236 1825 1433 1865 refluxerit
1476 1825 1574 1866 nlius

265 1890 307 1928 in
337 1889 592 1940 repurgando.

317 1955 461 2001 Vulsit.
501 1953 733 2005 exquisitius
775 1952 953 2000 videtur,
1001 1963 1116 2004 quum
1156 1953 1266 2002 quod
1307 1953 1422 1993 habet
1475 1954 1573 1997 Am.

268 2021 451 2060 evulsit..

319 2085 365 2125 Se·
394 2083 524 2127 conch.
537 2087 691 2135 Superi.
713 2082 823 2124 Febr.
854 2082 933 2124 Sed
954 2083 1121 2124 conciliis
1142 2085 1310 2133 superni.

266 2150 378 2198 Pigr.
411 2156 520 2188 stom.
551 2160 660 2189 naus.
688 2150 869 2197 erigeret.
903 2145 1109 2194 Eleganter
1140 2147 1287 2185 dictum
1318 2157 1390 2195 pro
1417 2149 1573 2197 pigrum

269 2211 497 2256 stomachum
516 2220 557 2253 et
578 2219 841 2252 nauseantem.
890 2210 936 2250 Id
956 2221 1045 2250 curn
1066 2209 1219 2260 fugeret
1242 2210 1444 2258 librarios,
1462 2212 1571 2251 Febr.

271 2288 311 2319 et
333 2279 426 2319 Atn.
446 2289 519 2329 pro
548 2281 716 2329 err‘geret
748 2276 887 2316 habent
920 2278 1112 2327 exigeret.
1135 2296 1183 2306 -
1207 2276 1325 2327 Erigi
1363 2275 1575 2318 stomachus

271 2343 414 2383 dicitur
434 2345 547 2384 etiarn
568 2352 726 2382 notante
749 2342 913 2392 Lipsio,
936 2339 1038 2381 Nat.
1056 2342 1220 2394 Quaest.
1254 2346 1334 2389 lv,
1362 2354 1423 2388 1³·
1456 2346 1575 2388 voss.

269 2413 491 2450 nauseantis
522 2408 705 2450 stomachi

320 2476 513 2527 Cingeret.
533 2478 618 2516 Hoc
636 2484 771 2515 verum
784 2471 951 2513 videtur.
977 2471 1087 2514 Febr.
1099 2475 1342 2524 cingerentur
1355 2499 1369 2519 ‚
1381 2472 1489 2522 quod
1500 2483 1569 2524 pa-

269 2552 353 2584 rum
382 2543 489 2581 abest
512 2552 533 2580 a
555 2543 727 2582 lectione
749 2542 887 2591 Lipsio
908 2551 1138 2588 memorata,
1176 2552 1248 2580 nec
1272 2549 1398 2579 tamen
1431 2540 1569 2589 proba-

269 2617 331 2649 ta:
356 2616 599 2658 cingeretur,
617 2612 771 2659 primae
784 2611 936 2659 formae
952 2604 1063 2657 feras
1089 2619 1122 2646 c.
1149 2618 1201 2645 m.
1226 2619 1259 2647 c.
1286 2617 1325 2646 ν.
1349 2604 1569 2656 deglutiret.
