1970 3267
384 192 466 266 L.
543 186 990 261 ANNAE'I
1073 187 1594 260 SENECAE

846 409 1127 457 LIBER

524 591 648 648 DE
720 591 1458 651 PROVIDENTIA

889 804 1073 836 SIVE

399 975 605 1033 QUARE
647 973 813 1018 130le
854 972 1005 1016 VIRIS
1045 970 1220 1015 MALA
1260 968 1574 1018 ACCIDANT

621 1059 756 1105 CUM
786 1055 880 1101 SIT
907 1056 1331 1103 PROV1DENT1A.

745 1295 1218 1329 π

764 1486 1076 1532 CAPUT
1160 1487 1198 1532 1.

400 1660 667 1787 Quaesisti
708 1725 732 1756 a
771 1724 864 1766 me,
898 1710 1060 1765 Lucili,
1094 1711 1195 1765 quid
1226 1711 1304 1766 ita,
1342 1696 1625 1761 si'Providen-

394 1803 450 1845 tia
478 1801 656 1845 mundus
697 1808 878 1854 ageretur
892 1829 908 1852 ,
951 1798 1076 1841 multa
1117 1797 1237 1840 bonis
1270 1798 1364 1842 viris
1398 1802 1624 1846 acciderent

394 1887 527 1937 mala?
582 1885 676 1930 Hoc
710 1884 964 1929 commodius
1002 1883 1044 1926 in
1083 1894 1277 1928 contextu
1307 1886 1440 1940 operis
1477 1889 1620 1934 redde-

394 1984 531 2027 retur,
568 1985 662 2017 cum
702 1983 887 2028 praeesse
922 1970 1117 2016 universis
1153 1971 1444 2018 Providentiam
1469 1976 1618 2030 proba-

1559 2074 1620 2106 re-

783 2130 818 2169 C
847 2129 880 2167 A
909 2128 938 2168 Ρ
966 2129 1003 2182 U
1028 2128 1063 2167 Τ
1141 2128 1174 2168 1.

384 2207 414 2235 1.
468 2195 592 2235 Lucili
623 2194 720 2233 cod.
751 2194 899 2234 Fabric.
922 2193 1070 2231 Lucilli.

327 2259 577 2299 Providentia
618 2260 751 2296 divina
790 2266 901 2295 vetus
934 2257 1048 2294 habet
1082 2256 1198 2294 editio
1231 2258 1392 2298 Arnoldl
1424 2262 1472 2297 de
1505 2263 1625 2300 Colo-

328 2326 401 2364 nia.
456 2324 574 2375 Quod
604 2321 737 2360 firmari
769 2322 870 2359 forte
900 2322 1024 2369 possit
1055 2321 1269 2360 imitatione
1299 2322 1467 2362 Minucii
1494 2324 1622 2364 Felicis

329 2391 466 2430 Octav.
493 2398 535 2439 p.
565 2400 633 2436 40:
667 2415 696 2434 „
722 2387 825 2436 quod
868 2387 897 2424 si
931 2386 1091 2425 mundus
1124 2387 1254 2425 divina
1285 2390 1548 2437 providentia,
1585 2402 1623 2430 et

325 2455 485 2504 alicujus
530 2454 691 2493 numinis
733 2453 959 2492 auctoritate
1002 2453 1234 2502 regeretur.”
1296 2456 1400 2493 Pinc.
1439 2457 1485 2494 ad
1528 2458 1569 2502 h.
1599 2461 1626 2500 1.

321 2524 511 2558 senecae:
550 2520 707 2558 verbum
741 2519 874 2558 divina
911 2529 1023 2557 vetus
1057 2520 1177 2558 lectio
1211 2531 1289 2558 uon
1323 2523 1512 2568 agnoscit.

372 2582 540 2623 Mundus
570 2592 765 2633 ageretur.
817 2587 910 2625 Aru,
950 2581 997 2621 de
1030 2581 1121 2623 Col·
1159 2582 1332 2622 mundum
1375 2595 1524 2633 ageret.
1579 2588 1620 2621 In

1511 2649 1622 2689 Eras-
