1970 3267
906 186 1074 230 μ
1577 197 1631 242 17

325 316 459 366 ‚modo
489 313 609 359 ,flato
644 309 796 359 dixerat
822 320 902 355 suo
927 310 1100 364 tempori
1136 316 1398 361 reservanda:
1435 316 1615 363 videmus

328 401 453 451 simul
487 410 534 443 ea
559 396 700 444 morali
734 394 1017 449 philosophiae
1040 398 1143 451 parti
1169 401 1344 454 opponi.
1402 405 1525 449 Unde
1551 419 1619 450 ve.

335 483 500 534 rieimiie
536 482 610 536 fit,
646 483 838 531 Senecam
874 482 944 526 illo
978 483 1073 532 loco
1110 496 1194 529 non
1221 487 1272 532 de
1308 488 1548 535 Moralium
1574 491 1625 541 li-

333 570 420 618 bris
465 569 695 625 cogitasse,
745 572 819 618 sed
862 572 912 619 de
960 573 1040 619 alio
1090 575 1267 626 quodam
1318 589 1442 630 opere
1462 607 1479 629 ,
1532 589 1623 630 quo

330 656 520 710 quaestio
553 658 603 702 de
636 658 729 703 Deo
761 657 892 712 deque
923 657 1063 705 mundi
1100 672 1173 714 per
1205 659 1340 705 Deum
1378 659 1624 706 formatione

336 756 377 786 et
406 744 695 799 guberna-tione
729 753 980 788 tractaretur.
1039 745 1170 803 Quale
1205 759 1316 801 opus
1350 760 1443 792 eum
1475 747 1518 791 in
1542 748 1627 793 ani-

336 845 405 879 mo
436 830 651 884 habuisse,
682 830 849 887 vestigia
886 832 1079 886 quaedam
1101 832 1306 888 indicant,
1351 849 1485 890 quae,
1518 849 1626 892 age,

328 917 592 973 mitigamus·
648 918 694 963 ln
718 918 855 964 eadem
887 917 953 962 illa
982 920 1119 976 primi
1153 919 1258 962 libri
1279 921 1396 964 Nat.
1438 919 1626 976 Quam.

330 1003 479 1060 praef,
515 1005 556 1056 §-
584 1017 666 1057 14,
702 1016 769 1059 15.
804 1016 1024 1059 postquam
1061 1005 1158 1049 utile
1195 1006 1293 1049 dixit
1328 1019 1419 1048 esse
1453 1019 1631 1062 cognos-

330 1102 454 1143 cere,
510 1120 538 1143 „
568 1103 766 1145 quantum
813 1093 929 1136 Deus
969 1092 1133 1146 possit3
1176 1092 1377 1135 materiam
1418 1089 1508 1145 ipse
1553 1092 1633 1138 sibi

341 1204 371 1229 „
398 1174 574 1229 formet,
624 1187 675 1218 an
720 1176 810 1221 data
849 1177 1053 1232 utatur,’'
1093 1177 1350 1233 similiaque,
1404 1177 1462 1222 sic
1505 1178 1631 1223 finem

334 1262 449 1309 flacit:
487 1293 514 1315 „
544 1262 623 1306 Sed
659 1262 755 1307 baec
779 1262 969 1323 deinde.’'
1029 1263 1140 1308 Tum
1166 1263 1222 1307 ib.
1243 1277 1284 1306 c.
1322 1277 1364 1307 1.
1394 1266 1418 1320 S
1445 1278 1486 1321 3.
1514 1277 1631 1311 com-

336 1349 568 1395 memoratis
612 1348 804 1403 prodigiis
852 1348 1125 1403 quibusdam,
1187 1380 1214 1401 „
1245 1350 1368 1395 Dices
1379 1351 1406 1369 ”
1463 1351 1628 1405 inquit,

341 1466 369 1488 „
399 1437 521 1481 mihi:
567 1437 681 1492 Ergo
729 1446 776 1480 tu
809 1436 851 1479 in
892 1436 1011 1480 tantis
1047 1437 1250 1480 erroribus
1284 1451 1357 1491 es,
1400 1448 1444 1482 ut
1490 1438 1629 1482 existi-

328 1553 373 1576 ,„
401 1536 487 1566 mes
519 1523 630 1568 Deos
663 1522 858 1566 mortium
883 1522 999 1577 signa
1027 1523 1282 1577 praemittere
1298 1553 1313 1575 ,
1340 1532 1383 1565 et
1406 1522 1631 1577 quidquam

342 1639 370 1661 ,.,
397 1623 491 1653 esse
524 1610 565 1652 in
594 1611 711 1652 terris
747 1620 827 1652 tam
862 1621 1083 1664 magnum,
1127 1609 1240 1663 quod
1278 1609 1409 1663 perire
1452 1610 1632 1654 mundas

342 1729 370 1751 ‚‚
401 1697 537 1741 sciat?
609 1697 700 1740 Erit
748 1697 855 1739 aliud
903 1696 968 1740 isti
1009 1696 1066 1739 rei
1109 1705 1285 1749 tempus·
1358 1695 1631 1749 Videbimus,

341 1768 368 1837 ,‚
394 1794 444 1825 an
469 1791 604 1826 certus
635 1780 818 1824 omnium
845 1793 978 1824 rerum
1012 1781 1115 1824 ordo
1143 1781 1344 1836 ducatur,
1374 1791 1416 1824 et
1449 1780 1524 1825 aIIa
1545 1780 1632 1826 aliis

345 1869 453 1923 „ita
497 1868 708 1921 complexa
741 1867 852 1919 siut,
892 1875 938 1909 ut
982 1867 1096 1918 quod
1133 1868 1358 1917 antecedit,
1405 1877 1475 1910 aut
1508 1880 1632 1910 causa

342 1988 369 2011 „
398 1956 451 2000 sit
487 1955 775 2010 sequentium,
810 1965 880 1998 aut
907 1955 1084 2009 signum.
1143 1953 1413 2007 Videbimus,
1445 1969 1501 1996 an
1532 1955 1633 1998 Diis

339 2043 586 2101 „humana
622 2042 706 2085 sint
741 2053 902 2097 curam
935 2052 986 2083 an
1020 2038 1145 2084 series
1188 2039 1304 2095 ipsa,
1341 2038 1442 2094 quid
1478 2037 1635 2087 factura

343 2160 371 2183 ‚‚
400 2129 480 2183 sit,
528 2128 648 2171 certis
697 2140 830 2170 rerum
879 2126 987 2169 notis
1043 2126 1253 2169 nuntiet.’'
1323 2126 1510 2179 Denique
1550 2127 1633 2171 huc

338 2217 539 2267 referam,
577 2228 679 2268 quae
712 2215 761 2256 de
797 2213 1038 2256 fulminibus
1074 2213 1128 2255 ait
1165 2214 1197 2254 l.
1233 2228 1273 2254 2.
1307 2227 1346 2254 c.
1384 2197 1464 2265 425:
1515 2243 1543 2265 ‚‚
1572 2215 1632 2255 At

329 2335 372 2358 ¹„
403 2317 527 2357 quare
572 2301 730 2358 Jupiter
773 2309 845 2344 aut
898 2298 1077 2343 ferienda
1131 2298 1300 2352 transit,
1348 2309 1417 2343 aut
1469 2298 1634 2344 innoxia

343 2421 371 2444 „
402 2389 527 2433 ferit?
587 2389 633 2431 In
674 2388 863 2444 maJ‘orcm
915 2399 978 2428 me
1030 2386 1310 2440 quaestionem
1366 2398 1520 2437 vocas,
1567 2383 1634 2428 cui

342 2510 377 2532 „
408 2490 509 2522 suus
533 2478 648 2520 locus
665 2508 679 2529 ,
707 2488 808 2519 suus
833 2474 919 2518 dies
950 2474 1106 2517 dandus
1133 2484 1210 2517 est.
1227 2472 1254 2491 ’²
1312 2471 1485 2516 Videtur
1512 2471 1635 2527 igitur

341 2571 458 2615 tum,
505 2575 600 2606 cum
651 2561 752 2605 Nat.
797 2562 967 2618 Quaest.
1018 2561 1210 2604 scriberet
1261 2558 1456 2614 (scripsit
1500 2568 1634 2604 autem

1041 2647 1077 2689 C
1580 2642 1638 2685 A.
