1970 3267
324 193 377 236 16
883 198 1047 236 Ξ

322 323 450 368 manis
482 320 597 377 agit?
650 334 753 375 quas
791 322 891 365 duas
925 322 1194 376 pulcherrime
1226 323 1331 367 inter
1368 334 1412 367 se
1446 328 1610 375 compe-

321 420 384 455 ret
416 410 570 451 Seneca
602 407 785 463 Qpacst.
812 408 929 452 Nat.
958 410 991 452 Ι.
1021 420 1061 453 1.
1081 410 1226 467 praef.
1253 410 1342 464 (28
1356 412 1398 465 ).
1443 439 1470 463 ,‚
1499 407 1611 451 Ten·

322 524 352 552 „
379 505 466 541 tum
480 522 496 550 ‚
511 494 538 514 ’²
591 494 725 552 inquit
738 525 754 550 ‚
814 524 842 548 „
867 494 974 539 inter
1017 496 1118 540 duas
1166 495 1335 540 interest
1351 525 1369 550 ,
1411 500 1609 550 quantum

321 614 352 639 ,‚
379 583 484 627 inter
518 583 653 628 Deum
694 592 735 626 et
775 581 1002 625 hominem.
1077 583 1215 627 Altera
1247 583 1367 626 docet
1381 613 1396 636 ‚
1435 580 1534 635 quid
1566 581 1609 624 in

323 700 353 724 ,‚
380 669 496 713 terrie
528 669 729 725 agendum
763 667 847 712 site
888 667 1038 720 altere,
1084 666 1184 720 quid
1217 675 1359 723 agatur
1397 666 1440 710 in
1471 667 1606 711 coelo,

323 785 352 809 „
381 754 520 798 Altera
571 766 729 798 errores
763 762 930 796 nostros
975 749 1140 794 discutit
1153 781 1169 804 ‚
1221 760 1262 793 et
1293 751 1430 795 iumen
1469 734 1607 795 admo-

320 871 348 894 „
378 851 447 884 vet
462 873 478 895 ,
521 854 607 896 quo
642 842 921 885 discernantur
956 840 1144 894 ambigua
1175 838 1302 882 vitae:
1344 838 1466 881 altera
1503 840 1607 882 mub-

318 954 347 980 ,,
375 935 424 970 to
458 939 585 983 supra
617 931 719 973 hanc
756 928 964 985 caliginem
980 959 995 982 ‚
1037 927 1080 969 in
1124 939 1206 980 qua
1239 926 1496 979 volutamur,
1538 938 1608 968 ex·

322 1040 351 1065 ‚‚
378 1011 517 1066 cedit,
570 1024 611 1058 et
645 1028 667 1057 e
707 1014 884 1058 tenebris
935 1023 1098 1068 ereptos
1141 1012 1212 1055 illo
1245 1010 1463 1066 perducit,
1500 1012 1608 1055 unde

320 1122 351 1152 „
378 1098 506 1140 lucet.
565 1100 770 1152 Equidem
817 1110 917 1142 tunc
956 1110 1118 1142 naturae
1155 1111 1289 1141 rerum
1323 1099 1467 1152 gratias
1499 1112 1604 1152 ago,

318 1213 347 1238 ‚‚
374 1196 469 1228 cum
512 1184 619 1230 illam
659 1197 744 1229 non
779 1184 829 1229 ab
857 1185 931 1229 hac
976 1194 1089 1240 parte
1129 1184 1278 1238 video,
1306 1196 1411 1239 quae
1444 1183 1606 1240 publica

317 1299 346 1323 „
375 1280 470 1324 est,
511 1272 585 1316 sed
619 1284 712 1316 cum
744 1271 961 1315 secretiora
997 1271 1084 1326 ejus
1122 1270 1294 1313 intravit
1333 1283 1426 1314 cum
1460 1270 1603 1324 disco,

315 1387 343 1410 „
371 1367 477 1411 quae
522 1358 702 1403 universi
739 1359 901 1402 materia
948 1359 1003 1402 sit
1023 1389 1038 1413 ‚
1094 1359 1189 1416 quis
1233 1367 1388 1401 auctor
1423 1359 1478 1399 sit
1526 1362 1605 1401 aut

315 1473 343 1496 „
370 1452 538 1487 custos:
590 1443 690 1497 quid
722 1442 777 1486 sit
814 1444 954 1487 Deus:
999 1453 1112 1486 totus
1145 1443 1190 1485 in
1227 1455 1271 1486 se
1304 1443 1513 1497 intendat,
1553 1456 1605 1487 an

317 1555 346 1579 ‚,
374 1527 425 1570 ad
473 1540 551 1571 nos
593 1529 809 1583 aliquando
848 1529 1104 1584 respiciat‚'’
1148 1539 1228 1572 cet.
1297 1529 1496 1574 Videmus
1540 1531 1609 1574 hie

314 1616 449 1659 eadem
502 1615 590 1659 fere
636 1617 883 1672 memorari,
937 1630 1039 1672 quae
1087 1617 1128 1660 in
1176 1617 1298 1660 h'belli
1344 1616 1475 1660 nostri
1511 1618 1607 1660 loco

1516 1717 1604 1747 mo-

304 1863 381 1893 tem
416 1856 484 1894 ilie
514 1857 785 1906 quaestionem
829 1856 878 1894 de
906 1856 1061 1895 Provid.
1097 1857 1349 1902 continebat,
1388 1868 1429 1894 m
1458 1868 1613 1908 apparet

302 1931 326 1960 e
355 1921 613 1970 disputatione
648 1923 759 1961 Balbi
792 1921 916 1961 Stoici
952 1933 1013 1971 ap.
1047 1920 1126 1962 Cic.
1160 1921 1205 1961 de
1227 1921 1328 1964 Nat.
1361 1924 1412 1963 D.
1444 1924 1472 1963 Ι.
1504 1936 1544 1964 2.
1577 1938 1611 1967 c.

302 1994 368 2033 29·
394 1997 473 2034 sqq.
639 1996 643 1999 ·

356 2050 478 2099 (28)
505 2051 674 2092 Ruhk.
699 2054 879 2093 conferre
901 2054 1010 2103 jubet
1029 2054 1105 2103 Ep.
1136 2054 1198 2101 89.
1227 2052 1294 2092 ubi
1325 2053 1445 2093 varias
1479 2063 1614 2094 recen-

305 2125 392 2154 sens
421 2116 696 2166 philosophiae
729 2116 1006 2161 definitiones,
1045 2117 1267 2165 tripartitam
1300 2117 1402 2155 iilam
1435 2118 1509 2157 sibi
1536 2129 1612 2156 ma-

303 2182 410 2220 xime
441 2185 596 2231 placere
640 2182 828 2232 significat
874 2183 942 2233 (§·
981 2183 1055 2231 8.)
1087 2185 1128 2222 in
1158 2186 1365 2229 moralem,
1404 2187 1611 2223 naturalem

304 2255 344 2285 et
384 2247 617 2288 ration-lem.
670 2249 800 2300 Quem
834 2249 967 2287 locum
1014 2250 1067 2287 ita
1107 2259 1195 2287 cum
1230 2257 1365 2286 nostro
1401 2250 1615 2297 concilies,

303 2321 348 2349 ut
386 2315 448 2351 vei
489 2315 667 2353 moi-niem
701 2323 739 2352 et
773 2313 996 2352 rationalem
1029 2324 1071 2351 ee
1103 2322 1236 2362 parte,
1279 2323 1379 2362 quoe
1409 2315 1456 2354 ed
1488 2315 1614 2354 bomi-

310 2390 376 2419 nes
398 2386 573 2429 spectet,
600 2379 830 2427 complexus
854 2377 904 2415 sit
926 2378 1013 2425 (iu
1035 2383 1070 2416 R
1084 2389 1107 2415 u
1124 2378 1144 2415 h
1158 2379 1226 2424 k.)
1244 2380 1307 2416 vel
1331 2381 1503 2418 mionali
1529 2390 1615 2430 par-

302 2454 366 2493 te,
416 2444 564 2494 quippe
607 2444 775 2488 minori,
822 2454 1000 2493 quaeque
1044 2445 1290 2483 instrumenti
1335 2454 1479 2483 tantum
1517 2448 1612 2485 ioco

309 2513 388 2558 sit,
433 2521 534 2549 nunc
565 2510 765 2557 neglectu,
803 2510 851 2546 de
881 2510 963 2556 ipsa
997 2511 1154 2548 materia
1185 2510 1458 2560 philosophiae
1482 2512 1607 2560 gravi-

301 2590 363 2620 ter
391 2582 658 2627 eleganterque
691 2575 926 2614 disseruerit.
