1970 3267
928 220 1093 263 =
1562 221 1629 276 69

346 376 348 379 -
393 355 511 391 tatem
529 378 546 400 ,
596 354 637 389 et
683 357 804 401 quam
848 344 1031 399 expedita
1075 346 1197 391 ducat
1244 346 1323 390 via.
1394 346 1498 390 Non
1540 357 1625 393 tam

389 435 534 487 longas
576 433 619 476 in
666 432 778 477 exitu
820 431 937 477 vobis
950 463 967 487 ,
1010 443 1132 487 quam
1172 431 1417 479 intrantibus
1434 465 1451 488 ,
1480 445 1617 478 moras

388 521 538 576 posui:
576 517 730 573 alioqui
758 529 945 575 magnum
980 518 1023 562 in
1054 532 1130 564 vos
1165 529 1335 576 regnum
1361 518 1529 566 fortuna
1562 530 1624 565 te·

339 608 548 651 ·'nuisset
562 637 578 660 ‚
616 606 652 650 si
685 608 811 652 horno
846 617 926 653 tam
960 608 1071 666 tarde
1094 615 1321 652 moreretur
1335 638 1353 661 ,
1382 618 1506 661 quam
1533 620 1625 652 nas·

332 704 361 748 7
387 693 509 737 citur.
579 692 713 738 Omne
756 704 920 751 tempus
935 726 952 749 ,
1005 694 1143 739 omnis
1179 701 1258 739 vos
1295 693 1414 738 locus
1448 694 1621 749 doceat,

389 792 511 833 quam
546 778 663 825 facile
695 779 749 826 sit
782 780 1011 825 renuntiare
1036 789 1227 830 naturae,
1256 789 1297 824 et
1320 792 1475 826 munuc
1499 793 1622 826 suum

388 865 449 910 ini
495 866 731 923 impingere.
798 868 909 916 Inter
943 868 1031 925 ipsa
1066 867 1202 916 altaria
1240 877 1280 915 et
1317 868 1523 915 solemnes
1559 881 1623 913 sa·

385 952 649 997 crificantium
681 954 810 1006 ritus,
840 956 937 997 dum
975 964 1142 1009 optatur
1171 955 1284 1008 vita,
1327 964 1498 997 mortem
1521 967 1623 999 con·

386 1029 544 1085 discite.
604 1041 796 1095 Corpora
826 1040 962 1095 opima
986 1051 1196 1085 taurorum
1229 1039 1377 1097 exiguo
1400 1040 1621 1085 concidunt

385 1126 579 1180 vulnere,
617 1135 658 1169 et
682 1138 916 1182 magnarum
943 1125 1089 1171 virium
1115 1125 1294 1170 animalia
1319 1126 1517 1172 humanae
1542 1135 1630 1171 mad

387 1224 467 1257 nus
505 1213 610 1257 ictus
646 1212 831 1269 impellit.
891 1215 1005 1257 tenui
1042 1212 1154 1257 ferro
1190 1213 1459 1258 commissura
1492 1212 1621 1257 cervi-

388 1300 447 1344 cis
474 1300 753 1356 abrumpitur:
794 1312 834 1344 et
865 1314 991 1356 quum
1031 1301 1233 1346 articulus
1267 1302 1364 1356 ille,
1395 1300 1467 1355 qui
1497 1308 1622 1355 caput

385 1387 620 1442 collumque
652 1388 888 1440 connectit,
928 1388 1081 1431 incisus
1113 1397 1200 1440 est,
1240 1396 1350 1431 tanta
1391 1388 1457 1431 illa
1490 1388 1620 1430 moles

331 1475 354 1514 8
381 1474 554 1517 corruit.
621 1474 722 1517 Non
766 1474 806 1516 in
851 1474 934 1517 alto
980 1475 1076 1516 latet
1111 1473 1304 1527 spiritus,
1357 1484 1433 1515 nec
1474 1471 1619 1525 utique

386 1560 497 1604 ferro
541 1561 742 1605 eruendus
790 1570 880 1604 est:
932 1573 1019 1602 non
1074 1570 1171 1604 sunt
1214 1561 1381 1603 vulnere
1418 1559 1619 1613 impresso

386 1646 551 1701 penitus
598 1646 811 1689 scrutanda
858 1644 1130 1699 praecordia:
1187 1644 1229 1687 in
1273 1643 1461 1698 proximo
1508 1657 1619 1688 mors

388 1742 468 1776 est.
529 1732 632 1775 Non
667 1740 822 1773 certum
859 1729 910 1772 ad
955 1727 1032 1773 hos'
1072 1728 1179 1772 ictus
1219 1729 1416 1773 destinavi
1451 1732 1616 1775 locum:

388 1831 631 1873 quacunque
665 1815 850 1872 pervium
889 1823 969 1859 est.
1039 1816 1179 1870 Ipsum
1213 1817 1313 1863 illud
1348 1820 1463 1873 quod
1500 1831 1622 1863 voca-

1551 1915 1622 1948 tur

372 2045 412 2082 7.
437 2033 621 2082 Abrump.
650 2030 756 2070 Idem
789 2029 1050 2080 adrumpitur.

375 2100 491 2138 Conn.
526 2102 585 2136 lta
621 2098 749 2137 Gron.
778 2100 868 2135 Non
893 2106 1017 2134 tamen
1051 2096 1257 2146 spernenda
1288 2096 1440 2136 videtur
1470 2097 1627 2147 antiqua

321 2165 469 2211 lectio,
493 2175 606 2213 quam
628 2172 761 2203 tuetur
771 2163 821 2200 'et
841 2162 952 2203 Febr.
969 2166 1199 2209 committit,
1213 2163 1240 2202 i.
1254 2173 1289 2203 e.
1302 2162 1532 2212 conjungit,
1557 2175 1629 2203 un-

321 2230 373 2268 de
414 2232 653 2268 commissura
693 2228 851 2267 dicitur.
913 2230 1058 2272 Seneca
1099 2230 1259 2267 verbum
1303 2229 1382 2267 hoc
1421 2239 1471 2267 eo
1510 2238 1625 2267 sensu

321 2296 435 2346 ponit
466 2296 580 2334 etiam
614 2293 713 2333 Nat.
734 2294 784 2345 Q,
815 2297 880 2342 11,
910 2305 960 2341 α,
986 2307 1038 2342 2,
1064 2294 1132 2333 ubi
1167 2294 1372 2335 discrimen
1405 2295 1504 2333 inter
1533 2305 1630 2333 com·

319 2364 469 2403 missum
500 2369 539 2399 et
567 2363 783 2399 continuum
818 2359 997 2409 exponit.

370 2427 412 2468 8.
450 2426 569 2477 Impr.
585 2434 626 2476 p.
651 2438 724 2467 scr.
752 2426 914 2465 Meliora
943 2424 1147 2473 videntur,
1173 2436 1286 2476 quam
1309 2434 1409 2475 quae
1431 2424 1543 2467 Fabr.
1563 2423 1627 2464 ha-

319 2493 387 2533 bet
410 2496 568 2543 penitus
606 2495 780 2542 impresso
813 2500 1003 2530 scrutata.

373 2559 594 2597 Destinavi.
651 2556 757 2595 Idem
796 2558 1005 2595 extimavi.
1070 2555 1171 2594 Voci
1221 2563 1333 2605 perv.
1372 2555 1523 2607 prafigit
1565 2558 1623 2595 in.

321 2626 396 2664 Pro
425 2625 577 2663 brevius
612 2622 725 2662 habet
757 2622 909 2671 brevis,
936 2630 973 2659 et
1006 2620 1151 2660 omittit
1174 2628 1233 2660 ut.

982 2686 999 2725 Ῑ
1025 2696 1047 2735 3
1544 2682 1625 2725 Νο-
