1970 3267
358 201 412 258 5⁸
932 208 1099 248 =

421 330 569 376 Movet
597 330 836 386 cerebrum,
875 330 920 375 in
960 343 1085 377 vanas
1122 338 1294 382 mentem
1332 329 1527 386 imagines
1558 342 1657 388 evo·

418 425 512 470 cat,
545 416 722 462 multum
756 418 861 460 inter
895 414 1047 461 falsum
1087 431 1134 461 ac
1166 429 1307 463 verum
1334 416 1493 460 'mediae
1521 415 1658 470 caligi-

333 516 391 548 ιο
414 502 479 548 nis
503 502 657 549 fundit.
714 501 872 561 Quidni
901 501 1031 547 satius
1056 502 1141 557 sit,
1169 511 1407 559 perpetuam
1445 500 1659 547 infelicita-

369 616 376 628 ι
417 597 502 634 tem
517 618 535 645 ,
571 600 677 644 quae
705 592 878 634 advocat
911 587 965 632 ad.
1012 586 1203 633 virtutem
1219 619 1235 643 ,
1266 587 1466 634 sustinere
1482 618 1498 640 ,
1533 593 1654 642 quam

420 676 593 722 infinitis
625 686 749 731 atque
772 675 996 720 immodicis
1030 674 1152 718 bonis
1180 676 1348 731 rumpi?
1378 676 1529 720 Levior
1555 674 1656 718 ieiu-

418 762 493 806 nio
527 775 640 806 mors
683 760 767 804 est:
817 760 1017 804 cruditate
1057 759 1281 805 dissiliunt.
1353 761 1469 804 Hanc
1518 760 1654 815 itaque

414 845 613 892 rationem
664 845 735 893 Dii
781 857 1013 903 sequuntur
1052 847 1095 892 in
1126 847 1248 895 bonis
1284 847 1419 907 viris,
1448 862 1570 903 quam
1589 906 1593 911 ἱ
1610 848 1652 891 in

378 957 381 967 =
410 933 626 989 discipulis
658 934 746 979 suis
770 943 1083 989 praeceptores:
1114 934 1186 987 qui
1215 934 1312 988 plus
1337 933 1489 976 laboris
1515 933 1566 976 ab
1587 933 1652 975 his

358 1051 362 1055 Δ
417 1020 617 1077 exigunt,
651 1021 695 1065 in
730 1021 881 1075 quibus
913 1021 1061 1064 certior
1096 1034 1192 1074 spes
1228 1031 1306 1065 est.
1365 1020 1580 1074 Numquid
1602 1030 1650 1063 tu

353 1134 362 1141 -
417 1103 576 1151 invisos
597 1118 689 1151 esse
706 1104 1038 1150 Lacedaemoniis
1058 1104 1214 1150 ¹liberos
1236 1104 1486 1150 suos‘credis
1502 1138 1518 1160 ‚
1543 1117 1649 1160 quo-

377 1214 380 1219 ·
417 1204 512 1237 rum
547 1191 812 1248 experiuntur
835 1192 1014 1237 indolem
1049 1192 1211 1248 publice
1240 1181 1476 1237 verberibus
1509 1193 1650 1236 admo-

366 1300 369 1301 ⁷
411 1277 503 1322 tis?
532 1276 612 1333 ipsi
633 1277 726 1322 illos
754 1288 890 1332 patres
924 1277 1217 1331 adhortantur,
1252 1287 1299 1321 ut
1330 1277 1436 1322 ictus
1470 1277 1651 1333 flagello-

405 1374 501 1408 rum
544 1362 708 1408 fortiter
740 1361 948 1418 perferant
965 1393 982 1417 ,
1025 1372 1066 1405 et
1109 1362 1263 1406 laceros
1303 1374 1352 1405 ac
1388 1362 1643 1406 semianimes

406 1460 584 1507 rogant,
635 1459 898 1506 perseverent
936 1437 1104 1494 vulnera
1155 1449 1348 1504 praebere
1386 1450 1643 1495 vulneribus.

327 1547 380 1584 u
411 1535 527 1592 Quid
555 1538 702 1581 mirum
719 1566 736 1591 ‚
769 1536 806 1581 si
832 1537 934 1580 dure
962 1547 1188 1589 generosos
1217 1536 1385 1588 spiritus
1419 1537 1535 1580 Deus
1557 1547 1644 1579 ten-

341 1641 346 1649 ·
413 1623 505 1669 tat?
531 1635 742 1680 nunquam
768 1620 931 1684 virtutis
968 1620 1091 1665 molle
1115 1620 1402 1667 documentum
1435 1629 1513 1664 est.
1544 1621 1645 1664 Ver-

1571 1709 1642 1753 be-

339 1869 342 1873 '
390 1866 575 1908 nentem.
615 1864 723 1906 Idem
752 1871 908 1903 mentes.
957 1863 1193 1912 Singulnrem
1227 1873 1265 1903 et
1308 1864 1525 1914 euphoniae
1558 1876 1649 1905 cau.

338 1941 382 1974 8⁸
409 1932 650 1983 praefecum,
688 1939 728 1970 et
759 1931 851 1980 quia
884 1930 1080 1968 cerebrum
1109 1930 1329 1968 antecessit.

396 2011 459 2039 ιο.
509 1996 668 2048 ρμίᾰηί.
703 1997 798 2036 Post
820 1995 918 2034 hanc
951 2003 1090 2033 vocem
1123 1993 1231 2033 Febr.
1266 1996 1368 2033 addit
1390 1991 1453 2042 id,
1482 2006 1520 2034 et
1551 2009 1644 2037 mox

340 2064 396 2102 itt
429 2061 624 2100 turbatum
667 2059 829 2099 exhibet
860 2060 1021 2097 locum.-
1066 2061 1107 2098 in
1132 2058 1367 2106 felicitatem
1413 2060 1576 2101 advocat
1616 2075 1644 2101 a

337 2129 517 2172 virtute,
547 2126 744 2164 sustinere.

386 2190 570 2243 Jejunio‚
604 2188 714 2239 quod
744 2198 784 2228 et
818 2183 931 2228 Febr.
960 2187 1096 2236 habet,
1125 2198 1146 2225 a
1181 2188 1306 2227 Gron.
1339 2198 1376 2226 et
1409 2188 1548 2233 Ruhk.
1577 2190 1644 2230 de.

335 2257 510 2300 fenditbr
548 2256 730 2296 adversus
769 2255 894 2304 Lipsii
936 2254 1202 2303 conjecturam
1235 2267 1256 2294 e
1281 2254 1444 2306 jejunio.
1479 2257 1640 2299 Veteres

339 2323 451 2364 editt.
481 2331 525 2360 ut
557 2321 739 2369 schotti,
766 2324 913 2374 jejuno.

388 2388 614 2428 Dissiliunt.
651 2388 772 2427 nubet
794 2388 874 2429 hoc
897 2390 1011 2428 etiam
1042 2387 1154 2430 Fabr.
1175 2398 1214 2427 et
1236 2391 1451 2439 explicatur
1476 2401 1495 2427 a
1516 2387 1640 2434 Gron.
1665 2437 1669 2440 ,

332 2460 378 2495 ut
408 2464 487 2493 non
522 2462 623 2502 opus
656 2452 707 2490 sit
743 2451 866 2503 Llpsii
896 2453 1122 2503 conjectum
1151 2452 1318 2502 difficilis,
1349 2464 1412 2492 aut
1435 2454 1638 2497 disstmtlis.

380 2518 484 2560 Esse.
520 2517 632 2558 Fabr.
663 2529 768 2559 esses.
813 2519 915 2558 Mox
945 2531 1013 2570 pro
1049 2527 1295 2570 perseverent
1327 2519 1428 2559 idem
1463 2527 1637 2570 perseve-

328 2594 425 2624 rant
435 2610 449 2632 ‚
485 2587 579 2625 Arn-
601 2588 913 2633 perseveranter.
