1970 3267
344 205 401 259 36
902 215 1067 256 =

407 333 615 386 lascivire,
668 343 710 377 et
755 335 1036 389 voluptatibus
1093 338 1241 391 fluere;
1284 335 1416 391 cogita
1466 332 1640 377 filiorum

370 420 374 423 ⁴
403 431 482 462 nos
517 419 715 463 modestia
749 420 970 474 delectari,
1015 422 1273 467 vernularum
1326 404 1507 464 licentia:
1551 419 1643 461 illos

405 503 618 559 disciplina
651 505 821 550 tristiori
868 506 1097 560 contineri,
1137 508 1286 553 horum
1335 506 1387 550 ali
1408 505 1645 559 audaciam,

404 588 517 634 Idem
556 590 628 635 tibi
659 591 710 635 de
746 593 836 636 Deo
879 593 1056 647 liqueat!
1102 592 1256 637 bonum
1298 592 1432 637 virum
1469 591 1510 634 in
1547 591 1642 635 deli·

409 675 487 720 ciis
517 688 602 722 non
635 677 779 721 habet:
812 678 1046 732 experitur,
1078 678 1267 731 indurat,
1296 678 1372 721 sibi
1394 677 1505 720 illum
1531 689 1645 730 prae-

399 772 533 817 parat.

407 847 466 891 11.
498 878 526 903 „
555 847 693 905 Quare
734 850 859 894 multa
896 849 1016 894 bonis
1050 848 1147 893 viris
1180 850 1346 893 adversa
1379 846 1645 891 eveniunt?'’

406 933 468 978 At
495 933 597 978 nihil
632 936 810 980 accidere
833 936 945 980 bono
970 937 1060 980 viro
1093 936 1185 979 mali
1213 941 1366 991 potest.
1424 933 1526 976 Non
1550 933 1647 979 mis·

409 1032 556 1065 centur
588 1026 803 1067 contraria.
863 1025 1217 1081 Quemadmodum
1252 1033 1313 1066 tot
1351 1034 1519 1074 amnes,
1553 1030 1642 1063 tan-

406 1117 494 1152 tum
526 1121 703 1164 superne
738 1110 989 1166 deJ'ectorum
1031 1108 1249 1163 imbrium,
1282 1116 1391 1151 tanta
1429 1104 1643 1150 medicato-

405 1206 498 1237 rum
546 1197 607 1237 vis
659 1194 836 1239 fontium
858 1227 873 1248 ‚
922 1209 1007 1238 non
1059 1204 1220 1238 mutant
1265 1204 1452 1247 saporem
1494 1191 1641 1243 maris,

404 1291 481 1323 nec
514 1281 727 1325 remittunt
761 1281 952 1336 quidem:
984 1281 1037 1324 ita
1062 1277 1320 1325 adversarum
1359 1277 1538 1333 impetus
1581 1289 1644 1319 re-

386 1421 599 1475 Modum.
650 1427 746 1463 Arn-
778 1426 965 1465 molestia.
1549 1370 1640 1407 mm

389 1484 662 1526 Vernularum.
702 1488 817 1526 Voss.
859 1490 1181 1536 vernularumque
1200 1506 1214 1534 ·,
1252 1485 1361 1535 quod
1404 1485 1646 1538 oppositioni

341 1551 512 1592 fiiiorum
547 1551 587 1590 h.
620 1554 648 1592 i.
676 1554 802 1590 minus
833 1553 1015 1590 idoneum
1046 1551 1218 1591 videtur.

389 1615 614 1655 Audaciam.
665 1616 770 1655 Idem
801 1617 983 1656 audacia.

790 1683 825 1720 C
851 1686 885 1719 A
914 1683 943 1719 Ρ
968 1685 1005 1720 U
1030 1681 1066 1720 T
1142 1681 1205 1719 11.

388 1749 445 1783 At
476 1743 590 1784 nihil.
642 1746 701 1784 At
730 1756 807 1783 nou
856 1746 996 1784 habent
1039 1745 1253 1783 editiones:
1292 1753 1380 1781 cum
1429 1751 1555 1780 autem
1600 1743 1642 1781 in

337 1813 461 1850 Voss.
502 1811 652 1858 legatur
690 1822 727 1851 ee
770 1808 889 1857 nihil,
931 1821 1078 1860 eaeque
1120 1810 1332 1860 particulae
1363 1806 1554 1845 confundi
1585 1818 1647 1845 so-

336 1877 466 1924 len-t,
500 1885 543 1916 et
572 1877 611 1915 in
639 1885 687 1915 at
725 1878 897 1924 mutavi3
942 1879 1050 1927 quod
1083 1877 1199 1926 hujus
1229 1873 1489 1924 responsionis
1530 1871 1645 1910 initio

337 1940 438 1980 bene
488 1942 702 1979 convenire
754 1941 933 1986 videtur,
982 1942 1021 1980 in
1066 1941 1170 1979 hunc
1206 1950 1382 1978 sensum:
1433 1938 1525 1975 licet
1576 1938 1642 1975 nd·-

337 2015 450 2043 versn
482 2006 599 2042 multe
620 2006 736 2043 bonis
769 2006 862 2043 viris
892 2005 1093 2052 eveniant,
1131 2013 1305 2044 attamen
1326 2032 1338 2050 ,
1363 2010 1409 2041 at
1431 2010 1533 2039 certe
1556 2002 1642 2039 maii

338 2068 437 2107 nihil
470 2068 519 2106 iis
549 2078 679 2117 potest
709 2069 901 2107 accidere.

390 2133 552 2171 Tantum
574 2141 655 2181 sup.
684 2132 759 2182 dej.
794 2134 990 2171 imbrium.
1027 2135 1124 2170 Esse
1158 2130 1276 2169 codd.
1308 2131 1344 2169 in
1378 2131 1518 2179 quibus
1541 2132 1640 2178 iega-

336 2205 402 2236 tut
438 2204 497 2234 tot
528 2204 710 2245 supernae
739 2198 963 2246 dejectiones
992 2197 1174 2235 imbrium
1206 2196 1316 2234 Pinc.
1349 2200 1414 2235 ait.
1460 2201 1534 2236 Pro
1556 2204 1643 2233 tan-

337 2270 421 2300 tum
456 2261 566 2300 Fabr.
599 2262 712 2300 habet
744 2270 957 2302 tantorum.
1107 2311 1112 2314 .

385 2324 680 2364 Medicatorum.
733 2329 818 2363 Hoc
841 2325 1052 2372 Gruterus,
1079 2334 1168 2363 cum
1190 2334 1296 2363 antea
1316 2326 1502 2370 legeretur
1515 2325 1639 2363 Meda·-

340 2399 606 2430 terraneorum
622 2418 634 2436 ,
672 2401 694 2428 e
719 2390 825 2429 libiis
856 2389 1040 2436 asseruit,
1069 2400 1113 2428 ut
1134 2400 1264 2428 monet
1288 2389 1457 2439 Lipsius.
1480 2389 1640 2429 Medita-

337 2462 463 2494 torum
485 2464 547 2492 aut
568 2454 839 2492 medicatorum
861 2453 1095 2492 habetetinm
1110 2454 1222 2492 Voss.
1252 2456 1546 2492 alteralectione
1566 2468 1642 2493 me-

334 2520 529 2558 diterran.
562 2520 599 2557 in
631 2519 798 2567 margine
829 2518 1034 2568 adscripta.

308 2582 311 2585 '
398 2582 477 2620 Nec
497 2595 587 2622 rem.
608 2583 772 2631 quidem.
828 2583 901 2619 Pro
923 2594 990 2619 nec
1018 2583 1127 2621 fabr.
1147 2582 1259 2620 habet
1280 2596 1341 2622 ne.
1373 2588 1486 2622 Voss.
1508 2596 1636 2623 autem

327 2658 365 2690 et
393 2661 525 2689 omnes
560 2648 751 2687 editiones
784 2647 877 2687 iliud
919 2646 1164 2698 praeferunt:
1217 2647 1351 2697 itaque
1397 2649 1638 2690 retinendum

1548 2725 1636 2754 cen-
