1970 3267
316 218 372 267 14
878 214 1045 255 -..-.-.--.

320 374 352 402 ,,
377 349 545 401 potest,
586 339 689 396 quid
721 348 802 385 tam
839 338 1060 395 abruptum
1099 337 1278 395 undique
1293 371 1311 396 ‚
1357 348 1480 396 quam
1520 338 1605 387 hoc

322 452 353 485 „
380 425 555 474 saxum?
596 425 700 481 quid
741 426 793 469 ad
824 425 967 480 copias
1010 425 1242 481 respicienti
1269 425 1481 483 jejunius?
1509 425 1610 482 quid

317 545 348 569 ‚,
370 512 423 558 ad
462 510 652 558 homines
701 512 1047 557 immansuetius?
1103 512 1205 568 quid
1251 512 1303 557 ad
1347 512 1486 569 ipsum
1527 511 1607 558 loci

315 631 348 659 „
374 599 501 647 situm
544 597 779 645 horribilius
793 598 816 644 *ἓ
867 597 967 653 quid
1004 598 1056 643 ad
1098 599 1203 643 coeli
1249 607 1433 645 naturam
1466 599 1613 645 intem·

317 716 349 744 „
375 685 631 743 peratius‘?”

373 773 421 817 ln
443 773 567 817 altera
600 770 664 815 Li
680 771 795 825 psii
835 769 1032 814 sententia
1066 781 1284 825 possemus
1324 770 1609 826 acquiescere,

315 858 398 904 sub
427 858 606 905 Claudio
634 860 768 901 statim
792 870 815 900 a
852 855 985 902 reditu
1016 856 1213 912 scriptum
1252 869 1373 911 esse,
1404 857 1482 900 nisi
1507 859 1611 902 mul-

314 955 363 990 to
401 956 537 989 tamen
583 945 835 1000 probabilius
877 945 1107 998 videretur,
1173 945 1324 987 ultimis
1378 945 1467 1000 ejus
1504 944 1610 988 vitae

313 1030 436 1076 annis
468 1031 579 1076 hunc
618 1030 768 1075 librum
804 1030 1023 1087 assignare.
1084 1030 1235 1075 Suadet
1268 1030 1348 1073 hoc
1383 1040 1424 1074 et
1460 1042 1611 1075 conve-

315 1117 470 1160 nientia
515 1117 642 1172 (23)
692 1117 816 1171 paulo
865 1125 958 1159 ante
1008 1124 1227 1159 memorata
1270 1128 1366 1160 cum
1412 1116 1612 1170 Epistolis

319 1202 484 1258 scriptis
527 1215 602 1247 sex
654 1211 726 1247 aut
766 1210 925 1257 septem
976 1201 1092 1245 annis
1139 1211 1231 1245 ante
1273 1211 1447 1245 mortem
1485 1203 1613 1259 (24)

318 1301 444 1343 quam
498 1290 555 1331 A.
609 1297 706 1342 post
761 1288 865 1330 Chr.
917 1287 972 1340 65
1036 1288 1262 1340 eodemque
1318 1288 1459 1331 aetatis
1513 1301 1612 1332 suae

316 1373 420 1419 obiit
464 1374 622 1429 (25);
665 1383 704 1417 et
744 1373 898 1417 mentio
934 1373 1095 1429 majoris
1129 1373 1237 1417 illius
1275 1374 1412 1428 operis
1442 1373 1531 1419 sive
1564 1375 1614 1418 de

1511 1459 1620 1505 Pro·

367 1627 491 1675 (η)
515 1626 661 1675 Neque
692 1634 840 1664 tantum
876 1626 1037 1665 exordia
1068 1627 1331 1675 conveniunt;
1369 1628 1434 1667 sed
1463 1630 1624 1679 Episto-

317 1694 373 1732 Ιιι
397 1690 572 1742 inprimis
604 1699 714 1739 59am
739 1699 777 1729 et
811 1691 1011 1729 nonnullas
1033 1692 1282 1741 insequentes
1315 1704 1396 1742 quo
1428 1696 1546 1744 magis
1568 1698 1623 1734 le-

315 1758 475 1808 gebam,
501 1766 551 1795 eo
583 1755 701 1803 magis
733 1755 921 1793 arridebat
953 1756 1115 1804 opinio,
1143 1756 1343 1806 scripsisse
1381 1759 1622 1799 senecam

313 1834 377 1865 eas
415 1831 480 1862 aut
515 1831 536 1859 a
565 1820 667 1860 libro
700 1819 745 1859 de
770 1819 1023 1861 Providentia
1045 1830 1342 1869 recentem,aut
1373 1834 1463 1862 cum
1484 1825 1558 1875 ipsi
1581 1826 1622 1866 in

310 1887 486 1928 manibus
518 1896 633 1927 esset.
686 1887 820 1926 Insunt
867 1887 966 1926 enim
1008 1887 1056 1927 iis
1090 1892 1291 1939 complura
1324 1890 1488 1938 similia,
1534 1903 1622 1940 res,

312 1952 525 2001 immines,
563 1952 782 1999 dictiones,
821 1962 922 2001 quae
954 1952 1032 1991 suls
1058 1954 1160 1993 locis
1185 1955 1348 1994 indicari
1379 1965 1563 2006 poterunt
1588 1958 1629 1997 in

314 2018 455 2057 Annot.

366 2081 490 2136 (⁹4)
519 2083 708 2123 confecit
732 2083 810 2121 hoc
836 2082 1011 2122 Ruhk.
1044 2092 1093 2121 ex
1124 2082 1198 2133 Ep.
1229 2093 1306 2132 9¹,
1344 2087 1409 2126 ubi
1443 2088 1622 2137 Lugduni

316 2161 468 2189 narrans
493 2150 736 2194 incendium,
766 2149 1020 2186 centesimum
1045 2147 1130 2196 ejus
1152 2149 1332 2188 coloniae
1360 2160 1453 2191 tunc
1485 2162 1623 2193 anuum

315 2214 440 2256 fuisse
469 2216 619 2254 scribit.
1648 2260 1652 2264 ,

370 2282 466 2330 (25)
496 2279 723 2320 ItaReinh
739 2278 886 2316 ardtu
902 2289 940 2316 s:
962 2279 1023 2316 alii
1046 2280 1241 2327 paululum
1264 2281 1430 2329 variant,
1461 2284 1625 2336 utJoe.

319 2348 381 2386 ch
398 2358 514 2386 erus
539 2347 675 2385 Lexico
705 2340 828 2381 Erud.
852 2342 918 2390 qui
941 2342 989 2381 A.
1011 2342 1106 2382 Chr.
1136 2345 1210 2393 65,
1242 2346 1309 2383 sed
1333 2346 1455 2395 ipsius
1477 2352 1527 2390 62
1559 2349 1628 2389 de.

318 2417 482 2453 cessisse
501 2412 638 2458 tradit,
668 2408 888 2459 Lipsius
918 2409 983 2459 qui
1002 2418 1111 2458 putet
1142 2420 1255 2458 eum,
1283 2421 1371 2451 cum
1392 2423 1627 2462 moreretur,

318 2482 365 2527 63
402 2487 466 2517 aut
510 2480 561 2528 64
601 2486 784 2516 annorum
817 2475 958 2516 fuisse.
1008 2476 1207 2526 Quidquid
1243 2478 1327 2527 ejus
1363 2480 1419 2517 rei
1450 2480 1527 2526 sit,
1565 2491 1624 2520 ses

319 2554 407 2584 nem
430 2544 586 2594 quidem
610 2554 651 2583 se
680 2542 827 2588 fuisse,
854 2552 942 2581 cum
968 2542 1153 2582 scriberet
1174 2541 1391 2594 Epistolas,
1416 2545 1544 2585 multis
1567 2547 1628 2587 lo-

320 2611 380 2650 cis
411 2613 606 2660 eleganter
637 2609 722 2658 ipse
754 2606 972 2657 significat,
1010 2618 1052 2648 ut
1087 2608 1164 2659 Ep.
1187 2613 1259 2650 61:
1307 2636 1336 2659 ,‚
1363 2614 1465 2651 Ante
1496 2622 1631 2650 senec-

1515 2701 1545 2722 „
1572 2684 1631 2714 tu-
