1970 3267
326 158 389 228 3⁸
900 167 1066 209 ·.·.-....--·..

390 295 473 343 bus
503 301 684 342 utantur.
743 290 873 338 Caedi
911 303 957 337 se
996 290 1213 347 vexarique
1251 288 1459 346 patiuntur
1472 317 1489 344 ,
1519 298 1562 333 et
1583 290 1620 335 si

389 392 475 427 non
506 377 721 423 inveniunt
754 376 944 433 singulos
967 388 1086 433 pares
1101 408 1118 433 ,
1151 374 1338 433 pluribus
1349 374 1484 431 ,simul
1513 373 1620 433 obji-

332 480 360 522 3
385 466 570 509 ciuntur.
624 464 785 508 Marcet
823 463 910 505 sine
939 464 1168 508 adversario
1200 463 1344 507 virtus.
1405 463 1529 506 Tunc
1550 473 1625 517 ap-

386 560 502 608 paret
516 584 531 607 ,
572 560 723 606 quanta
761 550 814 596 sit
829 583 845 606 ‚
899 561 1098 605 quantum
1147 552 1305 605 valeat,
1356 550 1590 605 polleatque
1605 582 1622 603 ‚

389 646 487 684 cum
528 636 628 693 quid
669 637 829 693 possit,
864 636 1053 692 patientia
1099 636 1291 681 ostendit.
1342 634 1453 680 Scias
1496 634 1591 679 licet
1606 667 1623 689 ‚

395 724 502 767 idem
560 723 658 767 viris
713 723 832 766 bonis
888 736 977 766 esse
1016 721 1242 766 faciendum
1269 754 1286 776 ,
1335 730 1383 765 ut
1433 722 1533 766 dura
1580 733 1627 764 ac

391 808 564 853 difficilia
614 821 699 852 non
754 808 1047 862 reformident,
1099 820 1173 851 nec
1222 808 1272 850 de
1320 805 1406 850 fato
1456 818 1631 860 queran-

392 904 479 939 tur.
536 893 751 951 Quidquid
786 892 957 946 accidit,
988 891 1086 934 boni
1108 892 1356 944 consulant,
1396 891 1440 934 in
1469 891 1626 934 bonum

392 990 568 1026 vertant.
600 980 728 1025 -Non
757 981 857 1034 quid
871 1012 887 1034 ‚
924 981 999 1025 sed
1030 979 1369 1034 quemadmodum
1406 977 1541 1032 feras,
1570 977 1632 1020 in-

394 1076 537 1111 terest.
594 1066 695 1110 Non
730 1066 842 1111 vides
876 1076 1031 1121 quanto
1064 1065 1185 1110 aliter·
1201 1071 1339 1120 patres
1353 1093 1369 1117 ,
1397 1063 1511 1108 aliter
1547 1050 1631 1107 mo-

397 1161 481 1195 tres
537 1130 804 1207 indulgeant?
870 1151 932 1194 Illi
977 1151 1140 1194 excitari
1182 1150 1329 1207 jubent
1382 1149 1533 1193 liberos
1580 1148 1633 1192 ad

396 1236 530 1281 studia
564 1237 751 1282 obeunda
787 1249 969 1291 mature,
1000 1237 1152 1282 feriatis
1184 1250 1352 1291 quoque
1383 1238 1527 1281 diebus
1547 1247 1633 1280 non

394 1321 605 1376 patiuntur
637 1336 726 1366 esse
762 1323 948 1377 otiosos,
978 1333 1019 1366 et
1053 1323 1244 1367 sudorem
1284 1324 1390 1378 illis,
1437 1333 1478 1367 et
1510 1324 1635 1367 inter·

395 1410 493 1454 dum
520 1409 745 1465 lacrymas,
776 1409 1011 1455 excutiunt:
1041 1420 1082 1453 at
1110 1422 1256 1454 matres
1280 1408 1420 1455 fovere
1438 1410 1481 1454 in
1509 1410 1631 1465 sinu,

1528 1509 1631 1540 con·

337 1609 420 1648 hoc
449 1609 613 1648 alienum
644 1607 796 1648 videtur
829 1619 849 1646 a
883 1619 966 1658 sqq.
1001 1635 1031 1656 ‚‚
1057 1618 1101 1648 nt
1131 1608 1226 1647 totis
1258 1618 1390 1648 contra
1421 1609 1529 1659 ipsos
1556 1606 1646 1649 viti·

339 1674 470 1722 „bus
501 1672 691 1711 utantur?

393 1750 430 1786 3.
485 1738 646 1789 Quanta
676 1738 751 1782 sit,
777 1743 913 1784 quant.
947 1736 1028 1775 val.
1049 1735 1279 1786 pateatque.
1317 1735 1548 1776 Lectionem
1571 1726 1646 1776 vsm·

337 1803 483 1851 tiqunm
515 1801 666 1840 Schotti
697 1809 736 1837 et
766 1799 892 1849 Lipsii
925 1800 1106 1846 restitui,
1143 1801 1436 1847 nervoslorem,
1473 1810 1518 1840 ut
1540 1802 1648 1841 vide·

336 1876 425 1913 tur,
461 1875 528 1912 en,
565 1863 678 1913 qum
711 1863 852 1902 habent
888 1863 1012 1902 Gron.
1042 1873 1080 1902 et
1113 1863 1249 1904 Ruhk.
1281 1873 1469 1914 quantum
1512 1867 1647 1905 valeat

336 1938 596 1981 quantumque
629 1928 789 1978 polleat.
840 1927 930 1965 Nisi
975 1927 1078 1965 forte
1120 1929 1236 1965 verba
1269 1926 1562 1979 quantum1val'.
1596 1941 1646 1970 ex

337 1994 656 2047 interpretaione
690 1992 729 2032 in
756 2003 906 2032 textum
929 1986 1170 2044 irrepserint,
1199 2004 1242 2033 ut
1275 2005 1364 2034 cum
1399 1999 1521 2036 veteri
1553 2008 1649 2047 qua-

341 2063 428 2100 dum
457 2058 631 2098 tectione
665 2058 773 2096 Plnc.
804 2068 843 2096 et
875 2069 1044 2107 utroque
1077 2059 1182 2098 Cod.
1213 2060 1648 2110 Leid.1egendum‘sit=

341 2131 493 2177 quanta
513 2126 564 2163 sit
594 2132 850 2173 quantumque
874 2125 1031 2173 polleat.
1633 2125 1635 2128 '

393 2190 498 2230 Idem
528 2193 609 2228 vir.
628 2192 711 2229 bon.
735 2202 809 2229 esse
829 2189 916 2238 fac.
965 2195 1079 2230 Voss.
1097 2196 1183 2238 fac.
1213 2191 1259 2232 id
1274 2193 1360 2232 bon.
1381 2193 1503 2243 viris,
1525 2193 1648 2234 minus

343 2266 563 2298 numerose.
614 2254 721 2295 Idem
751 2267 845 2296 mox
876 2265 915 2295 et
945 2257 1053 2307 diffie.
1083 2270 1157 2309 pto
1186 2272 1235 2299 ac
1265 2258 1374 2310 diffie.

396 2322 639 2371 Inaulgeam.
693 2325 893 2371 Proprium
925 2326 1087 2363 verbum
1116 2326 1156 2364 in
1193 2335 1393 2376 parentum
1433 2334 1523 2374 erga
1551 2325 1651 2364 libe-

343 2397 410 2428 ros
441 2397 593 2432 amore,
628 2388 694 2436 qui
728 2386 819 2425 inde
849 2386 994 2427 dieitur
1022 2388 1287 2439 indulgentia,
1312 2389 1435 2428 veluti
1464 2400 1525 2439 ap.
1545 2391 1652 2429 Nos·

342 2463 443 2493 trum
464 2453 605 2492 Consol.
635 2454 692 2491 ad
707 2451 822 2491 Helv.
853 2452 970 2500 XIV,
997 2463 1034 2501 3.
1052 2454 1169 2501 xv1,
1215 2457 1255 2494 6.
1282 2454 1375 2493 Non
1403 2454 1520 2503 igitur
1551 2466 1650 2506 opus

344 2526 404 2558 est
437 2527 512 2562 eo,
548 2517 655 2565 quod
687 2526 781 2567 post
815 2525 961 2555 matres
996 2517 1149 2556 additur
1180 2518 1219 2558 in
1250 2518 1369 2558 Voss.
1389 2518 1496 2568 filiis.

395 2581 594 2623 Excicari.
645 2574 774 2623 Ambo
813 2582 933 2624 codd.
963 2586 1204 2634 exercitari,
1239 2585 1363 2626 minus
1393 2586 1602 2636 eleganter.

1552 2651 1652 2690 Tris·
