1970 3267
329 181 385 229 34
901 178 1069 221 *P*-

390 299 491 345 bent
534 309 620 342 non
664 298 830 352 minus,
881 311 1003 354 quam
1059 313 1164 354 quae
1206 298 1344 343 alienis
1391 296 1490 342 locis
1529 311 1629 343 con·

387 392 525 438 specta
558 383 754 428 miraculo
798 392 926 436 sunt,
971 394 1019 430 ut
1056 384 1099 431 in
1125 384 1279 432 'mediis
1327 384 1518 428 fluctibus
1561 395 1629 427 ca-

386 469 518 513 lentes
540 483 697 525 aquae‚
737 478 779 513 et
812 481 920 515 nova
938 467 1183 517 ‘insularum
1213 470 1255 513 in
1290 480 1408 514 vasto
1444 470 1629 514 exsilien-

330 569 361 613 4
387 556 491 602 tium
526 556 625 602 mari
663 556 809 613 spatia.
873 556 964 613 Jam
1002 569 1101 603 vero
1139 557 1175 602 si
1217 556 1310 612 quis
1349 556 1625 601 observaverit

386 643 532 689 nudari
570 644 688 689 litora
738 644 883 699 pelago
929 641 972 685 in
1023 654 1069 685 se
1121 642 1359 696 recedente,
1407 642 1627 696 eademque

383 728 490 774 intra
523 728 715 784 exiguum
743 739 911 783 tempus
932 727 1115 783 operiri,
1143 727 1281 772 credet
1312 728 1624 783 caecabquadam

377 813 629 858 volutatione
685 814 810 857 modo
855 813 1041 858 contrahi
1099 814 1227 862 undas
1245 844 1260 865 ‚
1319 824 1360 856 et
1400 813 1622 859 introrsum

378 900 471 956 agi,
506 900 631 944 modo
680 914 891 955 erumpere
911 933 927 954 ‚
981 910 1022 944 et
1073 912 1222 956 magno
1268 913 1393 943 cursu
1443 910 1623 955 repetere

378 986 515 1031 sedem
552 999 693 1032 suam:
727 1000 854 1043 quum
896 987 986 1037 illae
1029 986 1186 1035 interim
1222 985 1481 1042 portionibus
1512 998 1620 1036 cres-

375 1083 504 1127 cunt,
545 1083 586 1117 et
633 1075 684 1117 ad
724 1074 866 1118 horam
913 1086 959 1116 ac
1005 1074 1108 1118 diem
1158 1073 1360 1125 subeunt,
1402 1073 1619 1127 ampliores

375 1159 667 1212 minoresque,
716 1170 842 1212 prout
890 1160 977 1204 illas
1020 1160 1158 1203 lunare
1196 1160 1309 1202 sidus
1360 1158 1527 1211 elicuit,
1566 1160 1617 1201 ad

371 1245 491 1300 cujus
537 1243 747 1289 arbitrium
800 1256 979 1293 oceanus
1026 1244 1218 1288 exundat.
1278 1244 1366 1288 Suo
1402 1243 1487 1290 ista-
1515 1255 1617 1289 tem-

373 1329 468 1385 pori
504 1339 788 1375 reserventur:
822 1343 873 1375 eo
900 1329 1065 1384 quidem
1100 1329 1259 1385 magis,
1296 1331 1408 1384 quod
1446 1340 1492 1375 tu
1516 1342 1611 1374 -non

314 1426 343 1471 5
370 1414 534 1459 dubitas
573 1415 623 1459 de
656 1414 942 1466 Providentia,
989 1417 1062 1460 sed
1094 1416 1291 1471 quereris.
1364 1416 1408 1459 ln
1444 1417 1610 1473 gratiam

365 1509 407 1544 te
437 1501 626 1545 reducam
666 1513 763 1546 cum
805 1501 926 1557 Diis,
962 1501 1159 1546 adversus
1202 1502 1385 1556 optimos
1423 1502 1608 1557 optimis.

1519 1587 1605 1632 Ne·

356 1656 437 1697 'Sed
470 1668 556 1696 suas
587 1666 624 1697 ct
654 1659 742 1701 illa.
794 1657 1000 1698 Pincianus
1031 1659 1242 1706 editionem
1277 1659 1430 1704 habuit,
1473 1661 1511 1699 in
1540 1671 1616 1710 qua

302 1720 434 1760 deerat
479 1733 578 1761 suas.
630 1722 818 1771 Suspicor
848 1723 985 1771 potius
1025 1723 1226 1762 deiendum
1260 1734 1345 1775 esse
1379 1724 1452 1764 sed.
1505 1729 1616 1763 Amat

300 1785 403 1826 enim
424 1787 470 1825 ab
493 1787 563 1825 ilio
584 1786 814 1837 pronomine
836 1785 1041 1835 periodum
1068 1787 1242 1837 incipere
1258 1785 1482 1835 Seneca‚ut
1501 1799 1614 1831 moxx

299 1879 332 1898 ,.
361 1863 436 1891 nuo
472 1856 543 1891 ista
578 1852 743 1901 tempori
776 1850 1072 1894 reserventur.”

347 1915 559 1957 Mtraculo.
609 1915 750 1955 Rubk.
784 1914 1026 1955 Gronovium
1053 1924 1214 1954 secutus
1252 1915 1359 1954 dedit
1393 1917 1583 1955 miracula
1597 1928 1612 1953 .-

299 1980 456 2018 videtur
486 1989 613 2018 tamen
659 1978 872 2027 elegantior
904 1981 1021 2018 altera
1048 1981 1169 2017 lectio
1197 1981 1380 2018 miraculo
1413 1981 1441 2018 i.
1482 1991 1519 2019 e.
1549 1983 1613 2019 ad-

297 2035 518 2090 mirationh
565 2052 665 2092 qnae
706 2051 744 2080 et
775 2042 973 2080 amborum
1014 2034 1212 2082 Codicum
1245 2055 1399 2083 assensu
1433 2043 1613 2086 firmatur.

352 2123 393 2156 4.
441 2107 539 2156 Jau
570 2119 659 2147 vero
689 2127 740 2137 —
768 2120 890 2149 suam.
940 2109 1013 2148 Hit
1041 2110 1233 2147 contineri
1255 2120 1353 2159 puto
1389 2121 1611 2159 perversum

297 2173 407 2223 vulgi
436 2172 650 2223 iudicium,
676 2173 783 2224 quod
817 2173 855 2214 in
888 2185 974 2224 sqq.
1010 2174 1097 2225 ipse
1125 2174 1338 2225 rednrguita
1376 2176 1505 2226 itaque
1537 2188 1612 2227 pro

302 2237 558 2285 interrogtndi
583 2248 698 2283 nota,
725 2249 837 2287 quam
858 2248 948 2288 post
970 2240 1147 2279 exundat
1175 2241 1309 2290 posuit
1331 2240 1468 2282 Ruhk.
1491 2252 1612 2291 punc-

297 2311 381 2342 tum
413 2304 539 2341 visum
569 2312 628 2341 est
659 2303 956 2344 restituendum.

313 2419 316 2421 ‚
348 2366 446 2406 Illae
477 2369 650 2407 Interim.
703 2369 879 2417 Uterque
912 2367 1013 2409 Cod-
1042 2371 1203 2409 interim
1234 2370 1351 2418 illae,
1388 2371 1495 2421 quod
1529 2371 1608 2411 for·

295 2440 395 2471 tasse
425 2443 502 2471 non
535 2431 648 2482 pejus
682 2440 756 2471 est.
1406 2426 1408 2428 ’

349 2509 372 2545 5
406 2499 578 2548 optimis.
600 2498 754 2539 Fabric.
780 2500 961 2549 optimus:
993 2496 1182 2548 hincgom
1207 2499 1361 2542 videtur
1379 2501 1607 2554 Amieetio

294 2565 458 2613 optimus
491 2567 554 2602 sis.

314 2631 316 2634 ’
1528 2630 1606 2671 Ne·
