1970 3267
343 219 400 274 ,α
901 216 1067 258 ...·-.·=

341 359 348 380 ·.
409 374 440 402 „
467 351 586 390 natur
619 338 742 387 simul
772 339 968 399 Pompeio
983 373 998 397 ,
1042 339 1231 396 Caesari,
1272 339 1445 391 Crasso.
1497 343 1638 393 Grave

343 449 345 452 v
411 462 440 486 ‚,
468 440 530 474 est
543 461 560 483 ‚
610 441 634 472 a
685 426 950 472 deterioribus
1004 427 1161 471 honore
1209 426 1346 471 anteiri
1372 430 1395 473 2
1477 430 1647 478 Vatinio·

407 546 436 572 ,‚
463 516 728 573 postferatur.
786 514 924 559 Grave
961 523 1051 568 est,
1100 516 1286 561 civilibus
1323 515 1441 561 bellis
1473 519 1640 565 interes.

337 624 345 628 ·
412 618 447 659 „'
470 616 515 648 se
528 604 551 648 2
601 612 692 648 toto
735 612 930 647 terrarum
972 600 1072 644 orbe
1123 615 1201 657 pro
1246 616 1366 649 causa
1413 605 1520 650 bona
1562 617 1643 651 tam

340 696 345 704 '
411 697 441 746 „'
468 691 679 735 infeliciter
692 723 708 745 ‚
758 703 881 744 quam
935 687 1221 743 pertinaciter,
1275 690 1434 734 militet.
1506 690 1645 736 Grave

343 815 346 819 t
408 809 440 834 ‚‚
466 787 559 832 est,
601 776 680 822 sibi
712 787 856 819 manus
891 773 1070 818 afferre?
1110 772 1247 819 faciat.
1307 776 1419 833 Quid
1456 791 1531 833 per
1564 778 1649 822 hoc

410 894 441 919 ,‚
466 861 752 920 consequar?
779 872 829 907 ut
876 873 1022 906 omnes
1069 860 1197 906 sciant
1211 895 1226 919 ,
1280 874 1365 907 non
1412 877 1502 909 esse
1542 864 1642 909 baec

412 980 445 1004 ,‚
472 952 576 996 mala
591 983 607 1006 ,
652 950 806 1005 quibus
845 963 923 1006 ego
959 950 1129 1006 dignum
1171 952 1369 994 Catonem
1404 950 1591 1006 putavi.²’

468 1039 548 1085 IV.
589 1040 791 1096 Prospera
830 1040 873 1085 in
907 1041 1066 1095 plebem
1111 1054 1156 1085 ac
1190 1039 1281 1085 vilia
1317 1040 1479 1096 ingenia
1527 1040 1648 1084 deve-

413 1123 558 1170 niuntz
600 1136 642 1170 at
662 1125 906 1171 calamitates
940 1136 1195 1182 terroresque
1221 1126 1450 1171 mortalium
1473 1125 1553 1170 sub
1582 1126 1649 1182 iu·

338 1234 341 1235 ν
419 1224 517 1266 gum
556 1211 744 1265 mittere,
788 1213 1002 1267 proprium
1046 1212 1180 1267 magni
1224 1212 1297 1255 viri
1332 1221 1411 1254 est.
1481 1210 1651 1265 Semper

414 1309 515 1341 vero
553 1309 647 1342 esse
681 1296 837 1340 felicem
853 1329 870 1352 ‚
921 1307 962 1340 et
1002 1297 1091 1341 sine
1130 1311 1273 1341 morsu
1322 1297 1443 1341 animi
1481 1296 1651 1340 transire

416 1381 541 1427 vitam
557 1414 574 1437 ,
615 1382 802 1439 ignorare
838 1393 901 1426 est
926 1396 1060 1428 rerum
1095 1394 1258 1427 naturae
1291 1384 1451 1427 alteram
1478 1392 1650 1437 partem.

413 1466 595 1527 Magnus
644 1481 688 1514 es
730 1469 819 1514 vir:
875 1469 949 1516 sed
985 1469 1093 1514 unde
1134 1468 1251 1522 scio,
1304 1470 1340 1513 si
1377 1469 1451 1513 tibi
1489 1467 1654 1513 fortuna

359 1567 389 1603 2
416 1566 503 1599 non
549 1556 620 1600 dat
654 1554 887 1599 facultatem
932 1554 1176 1599 exhibendae
1221 1536 1417 1599 virtutis?
1475 1555 1655 1599 Descen-

417 1640 517 1686 disti
548 1641 600 1689 ad
630 1639 848 1696 Olympia:
894 1641 968 1684 sed
1005 1652 1126 1684 nemo
1158 1650 1315 1695 praeter
1354 1650 1418 1683 te:
1461 1653 1652 1684 coronam

1584 1727 1655 1772 ha-

410 1840 532 1881 Οὶνίι.
563 1836 672 1877 Febr.
705 1837 871 1884 civibus,
905 1848 957 1877 ex
988 1847 1080 1877 mox
1113 1849 1243 1876 manus
1275 1838 1364 1880 sibi.
1488 1878 1493 1882 ,

402 1904 497 1946 Hoc.
546 1903 670 1944 Etiam
709 1903 754 1942 h.
791 1905 818 1944 1.
849 1915 931 1953 quo
970 1907 1056 1950 111,
1082 1916 1104 1943 2
1139 1916 1236 1943 usus
1258 1915 1340 1942 sum
1371 1903 1418 1942 ad
1450 1902 1664 1943 defenden-

353 1970 441 2012 dam
468 1970 681 2010 ‘lectionem
712 1968 793 2009 hoc.
837 1973 955 2008 voss.
998 1969 1113 2008 habet
1152 1967 1266 2007 haec.
1310 1969 1387 2007 vix
1425 1977 1549 2008 tamen
1583 1980 1666 2008 cre·

319 2042 322 2045 '
358 2036 481 2076 dibile
510 2035 693 2073 Senecam
727 2035 767 2073 in
798 2043 874 2071 tam
908 2034 1099 2073 elaborata
1131 2035 1307 2072 oratione
1355 2042 1429 2071 tam
1459 2044 1580 2083 parvo
1606 2035 1665 2074 in·

357 2101 522 2139 tervnllo
541 2098 602 2137 bis
622 2099 773 2138 eandem
797 2100 976 2147 syllabnm
1005 2100 1204 2150 posuisse:
1240 2099 1415 2147 sequitur
1446 2099 1546 2137 enim
1567 2108 1661 2148 pau-

357 2163 417 2204 eln
445 2161 659 2212 interjectis
691 2161 785 2204 haec
812 2166 933 2204 mala.

799 2234 831 2269 c
857 2232 893 2269 A
919 2230 950 2270 P
977 2230 1010 2270 U
1039 2229 1075 2269 T
1150 2230 1229 2268 1v.

371 2316 376 2319 ⁴
416 2302 452 2335 1.
477 2293 709 2334 Deveneunt.
761 2304 951 2345 umquem
995 2294 1197 2342 homines,
1224 2293 1275 2333 de
1303 2294 1444 2343 quibus
1474 2294 1553 2335 hoc
1582 2304 1668 2336 ver-

359 2360 454 2400 bum
493 2361 722 2409 plerumque
756 2360 913 2400 videtur
932 2361 1125 2410 usui-path
1174 2359 1309 2398 Minus
1342 2360 1461 2409 igitur
1489 2362 1665 2409 elegans,

361 2423 471 2476 quod
502 2423 612 2465 Fabr.
638 2425 753 2466 habet
787 2428 983 2465 eveniunt.

415 2504 455 2533 n.
478 2491 565 2532 Sed.
617 2490 796 2530 Veterem
828 2490 927 2529 hane
945 2490 1096 2530 schotti
1123 2498 1162 2529 et
1183 2488 1308 2539 Lipsii
1340 2491 1574 2535 lectionem,
1601 2490 1666 2528 cui

367 2556 482 2598 Fabr.
513 2556 688 2606 accedit,
718 2555 974 2596 revocnndam
1007 2557 1169 2606 pptavi.
1194 2567 1285 2596 curn
1316 2561 1434 2597 Gron.
1463 2567 1502 2595 et
1533 2555 1670 2595 Rubk.

366 2623 528 2663 habeant
558 2626 605 2663 si.
636 2642 685 2653 —
710 2622 788 2663 Sed
818 2632 861 2662 en
894 2623 1115 2673 praesertim
1149 2621 1197 2662 de
1228 2631 1338 2664 emsa
1366 2623 1485 2672 magis
1515 2624 1673 2673 placet,⁴

1561 2687 1668 2734 quod
