1970 3267
319 208 375 252 62
827 217 1053 239 ·—-··

379 349 535 394 quum,
560 335 834 381 nobilissimas
867 336 1046 394 virgines
1068 339 1119 384 nd
1138 351 1248 384 sacra
1272 337 1454 384 facienda
1483 337 1615 383 nocti-

380 426 458 467 bus
480 422 673 477 excitari,
709 422 907 465 altissimo
946 436 1095 468 somno
1130 426 1356 480 inquinatas
1388 424 1503 470 frui?
1533 425 1614 469 La-

376 509 455 554 bor
490 509 671 565 optimos
702 509 813 553 citat.
874 509 1052 554 Senatus
1084 525 1160 566 per
1193 522 1327 557 totum
1353 511 1459 555 diem
1493 524 1615 567 saepe

375 595 633 650 consulitur,
652 577 748 641 cum
772 594 843 640 illo
868 605 1052 652 tempore
1073 597 1294 644 vilissimus
1317 597 1521 654 quisque,
1543 607 1616 642 aut

377 683 423 726 in
458 695 605 738 campo
647 682 777 726 otium
811 695 934 726 suum
974 681 1178 737 oblectet,
1206 692 1277 729 aut
1311 684 1354 728 in
1384 682 1538 740 popina
1560 683 1617 727 la-

375 779 487 823 teat,
523 753 594 812 aut
623 777 787 822 tempus
824 769 868 811 in
895 768 1038 823 aliquo
1070 769 1226 814 circulo
1263 777 1380 815 terat.
1438 769 1552 813 Idem
1573 767 1616 833 in

370 854 447 898 hac
484 865 631 909 magna
680 852 891 908 republica
933 853 1009 897 fit:
1047 854 1148 898 boni
1182 853 1259 899 viri
1293 853 1506 909 laborant,
1543 854 1618 898 im·

373 939 560 996 pendunt
574 972 591 996 ,
635 940 928 996 impenduntur
941 973 957 996 ‚
994 951 1038 986 et
1071 942 1257 986 volentes
1297 941 1490 996 quidemz
1530 953 1616 986 non

373 1027 592 1073 trahuntur
619 1041 643 1070 a
689 1026 883 1082 fortuna,
914 1037 1145 1083 sequuntur
1179 1028 1288 1072 illam
1306 1059 1321 1081 ‚
1358 1038 1399 1071 et
1443 1037 1619 1082 aequant

319 1126 349 1168 4
378 1110 545 1171 gradus.
585 1113 624 1157 si
666 1113 869 1167 scissent,
919 1114 1248 1157 antecessissent.
1296 1112 1414 1156 Hanc
1448 1123 1618 1167 quoqne

374 1200 597 1245 animosam
618 1200 819 1244 Demetrii
841 1199 1053 1243 fortissimi
1090 1198 1166 1243 viri
1199 1210 1341 1242 vocem
1365 1198 1526 1242 audisse
1549 1211 1619 1242 mo

372 1286 563 1331 memini:
599 1286 735 1338 „Hoc
761 1298 888 1329 unum
905 1285 953 1337 ‚”
980 1284 1142 1338 inquit,
1176 1314 1205 1337 „
1237 1284 1305 1327 Dii
1338 1284 1615 1337 immortales,

352 1356 357 1358 ’
377 1383 408 1426 ,3
434 1371 487 1417 de
523 1369 644 1416 vobis
676 1369 794 1425 queri
820 1382 994 1426 possum
1013 1402 1029 1424 ,
1062 1369 1177 1424 quod
1197 1381 1281 1414 non
1302 1379 1394 1413 ante
1419 1368 1518 1413 mihi
1541 1382 1615 1414 vo-

375 1458 629 1511 „iluntatem
667 1468 842 1501 vestram
882 1468 1021 1501 notam
1059 1456 1228 1500 fecistis.
1285 1455 1403 1500 Prior
1440 1457 1547 1499 enim
1567 1456 1618 1500 ad

377 1574 406 1597 ‚,
433 1542 513 1587 ista
533 1543 737 1586 venissem
754 1575 771 1597 ‚
792 1542 843 1586 ad
868 1556 972 1597 quae
995 1556 1105 1586 nunc
1130 1552 1299 1588 vocatus
1319 1544 1479 1587 adsum.
1514 1544 1619 1587 Vul-

383 1659 411 1682 „
440 1629 495 1671 tis
515 1628 689 1682 aliquam
716 1638 870 1682 partem
899 1628 1122 1682 corporis‘.²
1152 1628 1315 1671 sumite.
1374 1628 1474 1671 Non
1510 1641 1619 1684 mag-

380 1745 408 1767 „
438 1727 529 1757 nam
547 1727 630 1757 rem
664 1716 877 1767 promitto.
917 1715 1000 1756 cito
1035 1724 1167 1758 totum
1195 1714 1440 1768 relinquam.
1481 1715 1620 1765 Vultis

378 1830 407 1853 „
435 1799 625 1854 spiritum
646 1798 669 1843 2
711 1798 903 1857 Quidni?
938 1798 1090 1843 nullam
1123 1812 1279 1862 moram
1322 1798 1490 1855 faciam,
1531 1813 1618 1856 quo

380 1916 408 1938 „
437 1886 572 1928 minus
595 1884 829 1938 recipiatis,
858 1885 973 1937 quod
998 1885 1184 1927 dedistis.
1215 1899 1238 1927 a
1264 1886 1425 1928 volente
1456 1886 1624 1938 feretis,

379 2002 408 2026 „
437 1971 637 2026 quidquid
665 1971 877 2025 petieritis.
909 1970 1022 2027 Quid
1040 1984 1138 2025 ergo
1163 1971 1259 2014 est?
1289 1972 1523 2024 maluissem
1554 1973 1622 2017 of·

382 2087 410 2111 „
440 2055 574 2111 ferre,
597 2069 718 2111 quam
745 2057 915 2101 tradere.
947 2056 1059 2116 Quid
1083 2069 1190 2114 opus
1222 2055 1302 2102 fuit
1331 2057 1523 2103 auferre?
1554 2072 1620 2103 ac·

1496 2178 1533 2201 ‚‚
1565 2160 1626 2191 ci·

372 2229 408 2265 3·
436 2215 545 2255 Frui.
575 2216 684 2257 deest
712 2217 823 2258 Febr.

365 2293 409 2329 4.
457 2284 531 2322 Dii
560 2285 662 2321 imm.
684 2283 730 2321 de
758 2283 844 2324 vob.
896 2283 1010 2323 Fabr.
1046 2282 1184 2322 ordine
1206 2283 1359 2328 minus,
1396 2291 1441 2322 ut
1479 2282 1634 2324 videtur
1658 2316 1676 2335 μ

318 2347 509 2394 eleganti:
545 2345 592 2385 de
617 2347 700 2387 vob.
734 2348 809 2394 Dii
838 2351 944 2388 imm.
981 2351 1075 2389 Aru.
1094 2348 1199 2387 vobis
1229 2347 1373 2387 omisit.

369 2411 509 2449 Adsum
541 2410 651 2451 Fabr.
680 2422 719 2450 et
754 2413 911 2452 Schott.
937 2426 1075 2453 assum.
1603 2446 1607 2451 .

368 2474 454 2515 Illos
474 2478 560 2518 vob.
614 2477 792 2517 Hicitem
816 2477 929 2519 Fabr.
951 2480 1032 2519 vob.
1055 2479 1115 2519 ill.
1167 2480 1331 2529 Vulgata
1355 2480 1471 2531 magis
1491 2481 1636 2531 placet.

319 2544 413 2580 Arn.
443 2541 555 2590 offero
590 2555 663 2592 pro
694 2545 872 2586 sustulit.

373 2605 517 2646 Sumite
553 2606 663 2648 Fabr.
696 2610 846 2648 sumito.

1552 2674 1629 2712 Re·
