1970 3267
321 176 348 217 8
899 177 1048 220 ²¹-

324 334 357 360 ‚‚
382 314 517 349 menta
550 301 732 360 (12).”
803 301 861 346 Et
900 303 1035 357 ipsum
1084 301 1347 347 Senecam
1380 301 1429 347 de
1464 299 1611 357 Benef.

325 392 359 436 t.
399 405 441 444 7.
490 403 529 432 c.
571 401 641 444 3¹.
684 398 919 443 querentem
971 389 1158 434 audimus
1173 419 1189 443 ‚
1232 389 1347 443 quod
1384 388 1488 433 alius
1521 388 1612 433 Diis

321 468 515 533 oli'jiceret
548 475 832 531 negligentiam
870 476 1030 530 nostri,
1073 476 1176 521 alius
1212 474 1478 529 iniquitatem.

376 563 446 608 Ex
487 563 636 608 horum
679 573 851 606 numero
915 560 1043 606 fuisse
1086 563 1309 606 Lucilium
1348 560 1607 619 Juniorem,

321 663 374 695 ex
406 651 487 694 hoc
517 649 646 704 libro,
692 649 765 703 qui
799 649 849 692 ad
877 661 970 692 eum
1002 649 1180 704 scriptus
1202 659 1296 704 est,
1326 648 1606 705 intelligimus.

320 737 406 782 Cui
441 739 647 780 Seneca
682 747 776 778 cum
813 734 955 791 Epm.
989 747 1059 779 21.
1092 734 1382 793 polliceretur,
1427 750 1475 784 ut
1516 740 1611 785 Ido-

320 834 507 866 meneum
544 821 595 866 ab
626 821 833 865 oblivione
864 820 1139 887 ¹vindicassent
1177 823 1346 878 Epicuri
1382 825 1605 880 epistolae,

316 910 374 955 ita
418 910 508 954 suis
543 908 707 964 scriptis
764 908 873 952 illius
915 919 1067 951 nomen
1115 909 1355 955 duraturum
1409 925 1526 966 esse,
1564 915 1607 956 in

320 1010 371 1041 eo
412 1009 498 1040 non
538 1009 670 1042 vanus
724 993 806 1040 fuit
858 1008 1005 1052 augur.
1056 996 1207 1052 Neque
1250 990 1375 1043 enim*
1404 999 1503 1044 alibi
1539 1013 1610 1045 us·

320 1096 473 1138 quam,
505 1093 551 1127 ut
582 1083 745 1128 monuit
785 1083 967 1128 Ruhk.
1006 1084 1151 1142 praef.
1187 1094 1290 1130 tom.
1327 1100 1368 1141 3.
1403 1086 1471 1130 ed.
1506 1085 1606 1131 Sen-

318 1171 399 1217 nisi
460 1173 571 1227 apud
636 1183 824 1217 nostrum
894 1173 1190 1229 philosophum
1247 1173 1395 1218 Lucilii
1454 1173 1606 1220 mentio

317 1260 545 1315 reperitur,
600 1260 642 1304 in
680 1273 802 1316 quem
848 1261 951 1303 adeo
990 1261 1244 1304 conveniunt
1289 1260 1386 1304 haec
1426 1261 1608 1318 ejusdem

314 1346 438 1393 verba
462 1348 507 1392 in
534 1346 693 1396 Praef.
715 1355 819 1391 tom.
850 1358 896 1400 4.
916 1356 965 1403 p.
1000 1344 1128 1389 x1V:
1174 1377 1200 1398 ,‚
1229 1345 1440 1400 Plerisque
1467 1355 1605 1391 autem

1527 1431 1611 1477 Se·

360 1519 479 1567 (ιο)
518 1518 736 1566 Lipsius
779 1527 860 1565 quo
908 1517 1146 1555 Tacitum
1177 1517 1384 1567 implentis
1417 1519 1531 1568 culpa
1571 1518 1642 1557 li·-

311 1585 484 1629 beteret,
517 1586 650 1624 locutu
696 1582 939 1632 depravatum
971 1584 1147 1631 censuit,
1192 1583 1295 1633 quod
1329 1593 1453 1629 tamen
1485 1593 1614 1634 neque

313 1647 620 1695 Gronovio,
659 1657 786 1696 neque
829 1646 1088 1687 Ernestio
1132 1648 1344 1698 persuasit,
1377 1651 1614 1699 aequitatem

310 1714 646 1764 interpretantibus
674 1711 941 1761 indtffirenter
980 1712 1135 1763 aliquid
1157 1712 1297 1762 ferre,
1349 1713 1453 1754 m‘bll
1480 1715 1537 1754 ad
1570 1709 1617 1754 fd

310 1782 556 1827 commoveri,
581 1780 696 1818 allato
717 1781 811 1818 loco
832 1779 921 1818 cic
935 1789 956 1817 e
969 1780 1083 1819 roni
1099 1790 1115 1817 s
1128 1780 1276 1830 Agrar.
1302 1780 1508 1834 10(c.5).
1537 1784 1612 1819 Ce-

310 1858 431 1886 terum
464 1846 532 1894 qui
564 1847 673 1893 plura
696 1844 744 1882 de
766 1844 844 1883 boc
865 1854 1088 1892 argumento
1114 1846 1234 1890 velit,
1262 1845 1370 1883 adeat
1391 1845 1460 1883 Ml
1475 1846 1612 1884 nucii

308 1916 337 1954 F
351 1912 420 1952 eli
438 1911 512 1950 cis
544 1909 746 1949 Octavium
760 1918 803 1959 p.
826 1920 987 1958 40-42.
1009 1908 1058 1948 ed
1087 1909 1189 1950 Ouz.
1207 1909 1274 1949 ubi
1293 1912 1457 1960 Interpr.
1480 1900 1615 1959 ingen-

307 1985 385 2015 tem
409 1978 588 2014 locorum
612 1976 754 2021 sylvam
776 1975 993 2021 collegere,
1038 1974 1178 2021 qulbus
1210 1973 1298 2011 nddl
1319 1974 1472 2023 possit,
1498 1974 1614 2023 quip-

307 2050 360 2092 pe
392 2050 481 2078 cum
511 2045 648 2077 nostro
681 2037 817 2077 libello
850 2036 889 2075 in
921 2036 1049 2075 multis
1070 2038 1308 2077 conveniens
1328 2035 1547 2079 Theodorett
1563 2038 1610 2079 de

304 2108 461 2146 Provid.
481 2116 599 2142 sermo
629 2115 677 2151 9,
705 2104 763 2145 ὅτι
792 2101 858 2143 οὐκ
882 2104 1057 2158 ἄκαρπος
1079 2104 1149 2153 τῆς
1175 2102 1413 2153 δικαιοσύνης
1435 2104 1458 2145 ὁ
1478 2106 1605 2151 πόνος.

307 2177 399 2218 Vld.
433 2177 547 2216 etiam
587 2174 684 2214 Rev.
715 2179 932 2223 Montyn
962 2176 1135 2226 Respons.
1167 2174 1211 2213 de
1222 2187 1372 2224 argum.
1393 2176 1609 2225 Teleologfco

297 2254 345 2296 p.
378 2253 465 2292 133.
486 2253 539 2291 sq.
557 2244 598 2280 in
621 2242 725 2281 Ann.
748 2241 870 2282 Acad.
890 2239 1057 2292 Trajeet.
1079 2246 1126 2280 A.
1151 2245 1413 2289 ιδῃ-1893.
1463 2242 1610 2290 Neque

306 2320 489 2361 possum,
516 2307 609 2358 quin
641 2307 721 2346 hoc
744 2309 837 2347 loco
871 2317 1078 2346 memorem
1102 2307 1293 2356 egregiam
1314 2307 1415 2346 illam
1436 2306 1610 2346 Prlcii

305 2372 394 2424 (R.
424 2373 569 2417 Price)
601 2371 648 2411 de
678 2371 834 2412 Provld.
867 2371 1196 2422 disputationem,
1232 2381 1344 2423 quem
1366 2382 1455 2412 cum
1485 2371 1608 2412 tribue

304 2440 388 2477 eliis
421 2438 594 2487 eiusdem
630 2436 957 2487 disputationibus
990 2445 1037 2474 ex
1063 2437 1232 2485 Angllco
1251 2447 1428 2476 sermone
1458 2439 1497 2476 in
1519 2448 1608 2476 nos-

305 2513 440 2543 tratem
470 2513 616 2543 versam
650 2514 722 2554 pro
755 2503 870 2542 solita
900 2513 968 2542 sun
1001 2503 1186 2544 comitate
1218 2503 1481 2545 commodavit
1511 2504 1604 2545 mlhl

305 2572 406 2611 ειη.
430 2571 556 2611 Senex
587 2569 649 2615 Μ.
677 2569 715 2611 Τ
725 2582 749 2618 y
760 2569 784 2610 d
796 2579 820 2610 e
830 2578 866 2609 m
878 2578 898 2608 n
909 2579 948 2611 n.
