<?xml version="1.0" encoding="UTF-8"?>
<!DOCTYPE html PUBLIC "-//W3C//DTD XHTML 1.0 Transitional//EN"
    "http://www.w3.org/TR/xhtml1/DTD/xhtml1-transitional.dtd">
<html xmlns="http://www.w3.org/1999/xhtml" xml:lang="en" lang="en">
 <head>
  <title>
</title>
<meta http-equiv="Content-Type" content="text/html;charset=utf-8" />
  <meta name='ocr-system' content='tesseract 3.04.00' />
  <meta name='ocr-capabilities' content='ocr_page ocr_carea ocr_par ocr_line ocrx_word'/>
</head>
<body>
  <div class='ocr_page' id='page_1' title='image "4738098_0056.png"; bbox 0 0 1970 3267; ppageno 0'>
   <div class='ocr_carea' id='block_1_1' title="bbox 345 202 1084 259">
    <p class='ocr_par' dir='ltr' id='par_1_1' title="bbox 345 202 1084 259">
     <span class='ocr_line' id='line_1_1' title="bbox 345 202 1084 259; baseline 0 0"><span class='ocrx_word' id='word_1_1' title='bbox 345 202 408 259; x_wconf 77' lang='lat'><strong>⁴6</strong></span> <span class='ocrx_word' id='word_1_2' title='bbox 919 207 1084 231; x_wconf 87' lang='lat'>·······</span> 
     </span>
    </p>
   </div>
   <div class='ocr_carea' id='block_1_2' title="bbox 920 236 1084 249">
    <p class='ocr_par' dir='ltr' id='par_1_2' title="bbox 920 236 1084 249">
     <span class='ocr_line' id='line_1_2' title="bbox 920 236 1084 249; baseline 0 3018"><span class='ocrx_word' id='word_1_3' title='bbox 920 236 1084 249; x_wconf 95' lang='lat' dir='ltr'><strong> </strong></span> 
     </span>
    </p>
   </div>
   <div class='ocr_carea' id='block_1_3' title="bbox 408 327 1649 388">
    <p class='ocr_par' dir='ltr' id='par_1_3' title="bbox 408 327 1649 388">
     <span class='ocr_line' id='line_1_3' title="bbox 408 327 1649 388; baseline -0.001 -11"><span class='ocrx_word' id='word_1_4' title='bbox 408 331 449 377; x_wconf 84' lang='lat' dir='ltr'><strong>ci</strong></span> <span class='ocrx_word' id='word_1_5' title='bbox 478 337 636 387; x_wconf 85' lang='lat' dir='ltr'><strong>parato.</strong></span> <span class='ocrx_word' id='word_1_6' title='bbox 678 329 947 388; x_wconf 86' lang='lat' dir='ltr'>Ignominiam</span> <span class='ocrx_word' id='word_1_7' title='bbox 976 330 1128 388; x_wconf 89' lang='lat' dir='ltr'><strong>judicat</strong></span> <span class='ocrx_word' id='word_1_8' title='bbox 1162 327 1382 385; x_wconf 85' lang='lat' dir='ltr'><strong>gladiator,</strong></span> <span class='ocrx_word' id='word_1_9' title='bbox 1415 338 1509 373; x_wconf 89' lang='lat' dir='ltr'><strong>cum</strong></span> <span class='ocrx_word' id='word_1_10' title='bbox 1542 329 1649 376; x_wconf 86' lang='lat' dir='ltr'><strong>infe·</strong></span> 
     </span>
    </p>
   </div>
   <div class='ocr_carea' id='block_1_4' title="bbox 407 412 1721 468">
    <p class='ocr_par' dir='ltr' id='par_1_4' title="bbox 407 412 1721 468">
     <span class='ocr_line' id='line_1_4' title="bbox 407 412 1721 468; baseline -0.001 -9"><span class='ocrx_word' id='word_1_11' title='bbox 407 417 514 459; x_wconf 84' lang='lat' dir='ltr'><strong>riore</strong></span> <span class='ocrx_word' id='word_1_12' title='bbox 545 414 767 468; x_wconf 83' lang='lat' dir='ltr'><strong>componi:</strong></span> <span class='ocrx_word' id='word_1_13' title='bbox 798 423 841 456; x_wconf 91' lang='lat' dir='ltr'><strong>et</strong></span> <span class='ocrx_word' id='word_1_14' title='bbox 872 414 951 458; x_wconf 87' lang='lat' dir='ltr'><strong>scit</strong></span> <span class='ocrx_word' id='word_1_15' title='bbox 986 428 1080 459; x_wconf 88' lang='lat' dir='ltr'><strong>eum</strong></span> <span class='ocrx_word' id='word_1_16' title='bbox 1113 414 1199 458; x_wconf 89' lang='lat' dir='ltr'><strong>sine</strong></span> <span class='ocrx_word' id='word_1_17' title='bbox 1235 412 1360 468; x_wconf 86' lang='lat' dir='ltr'><strong>gloria</strong></span> <span class='ocrx_word' id='word_1_18' title='bbox 1391 413 1496 458; x_wconf 86' lang='lat' dir='ltr'><strong>vinci</strong></span> <span class='ocrx_word' id='word_1_19' title='bbox 1518 443 1534 466; x_wconf 92' lang='lat'>,</span> <span class='ocrx_word' id='word_1_20' title='bbox 1574 416 1648 467; x_wconf 87' lang='lat' dir='ltr'><strong>qui</strong></span> <span class='ocrx_word' id='word_1_21' title='bbox 1716 443 1721 451; x_wconf 53' lang='lat'>2</span> 
     </span>
    </p>
   </div>
   <div class='ocr_carea' id='block_1_5' title="bbox 344 498 1649 1508">
    <p class='ocr_par' dir='ltr' id='par_1_5' title="bbox 344 498 1649 1508">
     <span class='ocr_line' id='line_1_5' title="bbox 403 498 1648 556; baseline 0.002 -13"><span class='ocrx_word' id='word_1_22' title='bbox 403 498 493 543; x_wconf 86' lang='lat' dir='ltr'><strong>sine</strong></span> <span class='ocrx_word' id='word_1_23' title='bbox 524 498 712 555; x_wconf 87' lang='lat' dir='ltr'><strong>periculo</strong></span> <span class='ocrx_word' id='word_1_24' title='bbox 750 498 946 544; x_wconf 87' lang='lat' dir='ltr'><strong>vincitur.</strong></span> <span class='ocrx_word' id='word_1_25' title='bbox 1002 499 1114 544; x_wconf 86' lang='lat' dir='ltr'>Idem</span> <span class='ocrx_word' id='word_1_26' title='bbox 1151 500 1248 545; x_wconf 89' lang='lat' dir='ltr'><strong>facit</strong></span> <span class='ocrx_word' id='word_1_27' title='bbox 1274 498 1441 544; x_wconf 87' lang='lat' dir='ltr'><strong>fortuna</strong></span> <span class='ocrx_word' id='word_1_28' title='bbox 1456 532 1472 556; x_wconf 90' lang='lat'>,</span> <span class='ocrx_word' id='word_1_29' title='bbox 1510 499 1648 545; x_wconf 84' lang='lat' dir='ltr'><strong>fortis-</strong></span> 
     </span>
     <span class='ocr_line' id='line_1_6' title="bbox 402 586 1647 645; baseline 0.001 -14"><span class='ocrx_word' id='word_1_30' title='bbox 402 586 532 631; x_wconf 87' lang='lat' dir='ltr'><strong>simos</strong></span> <span class='ocrx_word' id='word_1_31' title='bbox 568 586 648 632; x_wconf 83' lang='lat' dir='ltr'>sibi</span> <span class='ocrx_word' id='word_1_32' title='bbox 676 600 796 644; x_wconf 87' lang='lat' dir='ltr'><strong>pares</strong></span> <span class='ocrx_word' id='word_1_33' title='bbox 830 586 1016 645; x_wconf 86' lang='lat' dir='ltr'><strong>quaerit,</strong></span> <span class='ocrx_word' id='word_1_34' title='bbox 1048 590 1248 643; x_wconf 90' lang='lat' dir='ltr'><strong>quosdam</strong></span> <span class='ocrx_word' id='word_1_35' title='bbox 1283 587 1449 633; x_wconf 85' lang='lat' dir='ltr'><strong>fastidio</strong></span> <span class='ocrx_word' id='word_1_36' title='bbox 1486 588 1647 635; x_wconf 83' lang='lat' dir='ltr'><strong>transit.</strong></span> 
     </span>
     <span class='ocr_line' id='line_1_7' title="bbox 404 671 1648 731; baseline 0.001 -13"><span class='ocrx_word' id='word_1_37' title='bbox 404 671 823 719; x_wconf 77' lang='lat' dir='ltr'><strong>Contumacissimum</strong></span> <span class='ocrx_word' id='word_1_38' title='bbox 872 685 1079 728; x_wconf 87' lang='lat' dir='ltr'>quemque</span> <span class='ocrx_word' id='word_1_39' title='bbox 1124 684 1165 719; x_wconf 91' lang='lat' dir='ltr'><strong>et</strong></span> <span class='ocrx_word' id='word_1_40' title='bbox 1203 674 1473 720; x_wconf 82' lang='lat' dir='ltr'><strong>rectissimum</strong></span> <span class='ocrx_word' id='word_1_41' title='bbox 1507 687 1648 731; x_wconf 81' lang='lat' dir='ltr'><strong>aggre-</strong></span> 
     </span>
     <span class='ocr_line' id='line_1_8' title="bbox 344 738 1645 818; baseline 0.002 -15"><span class='ocrx_word' id='word_1_42' title='bbox 344 768 377 814; x_wconf 75' lang='lat'>5</span> <span class='ocrx_word' id='word_1_43' title='bbox 400 758 544 813; x_wconf 86' lang='lat' dir='ltr'><strong>ditur,</strong></span> <span class='ocrx_word' id='word_1_44' title='bbox 577 760 773 805; x_wconf 82' lang='lat' dir='ltr'><strong>adversus</strong></span> <span class='ocrx_word' id='word_1_45' title='bbox 807 772 930 815; x_wconf 90' lang='lat' dir='ltr'><strong>quem</strong></span> <span class='ocrx_word' id='word_1_46' title='bbox 957 760 1043 805; x_wconf 85' lang='lat' dir='ltr'><strong>vim</strong></span> <span class='ocrx_word' id='word_1_47' title='bbox 1081 773 1198 805; x_wconf 90' lang='lat' dir='ltr'><strong>suam</strong></span> <span class='ocrx_word' id='word_1_48' title='bbox 1236 738 1438 810; x_wconf 76' lang='lat' dir='ltr'><strong>intendat.</strong></span> <span class='ocrx_word' id='word_1_49' title='bbox 1503 760 1645 818; x_wconf 84' lang='lat' dir='ltr'>Ignem</span> 
     </span>
     <span class='ocr_line' id='line_1_9' title="bbox 400 844 1648 903; baseline 0.004 -16"><span class='ocrx_word' id='word_1_50' title='bbox 400 844 609 899; x_wconf 85' lang='lat' dir='ltr'><strong>experitur</strong></span> <span class='ocrx_word' id='word_1_51' title='bbox 639 845 682 888; x_wconf 88' lang='lat' dir='ltr'><strong>in</strong></span> <span class='ocrx_word' id='word_1_52' title='bbox 718 844 865 890; x_wconf 90' lang='lat' dir='ltr'><strong>Mucio</strong></span> <span class='ocrx_word' id='word_1_53' title='bbox 880 877 896 900; x_wconf 92' lang='lat'><strong>,</strong></span> <span class='ocrx_word' id='word_1_54' title='bbox 936 854 1216 901; x_wconf 85' lang='lat' dir='ltr'><strong>paupertatem</strong></span> <span class='ocrx_word' id='word_1_55' title='bbox 1265 846 1308 889; x_wconf 88' lang='lat' dir='ltr'><strong>in</strong></span> <span class='ocrx_word' id='word_1_56' title='bbox 1336 845 1547 903; x_wconf 85' lang='lat' dir='ltr'><strong>Fabricio,</strong></span> <span class='ocrx_word' id='word_1_57' title='bbox 1580 861 1648 892; x_wconf 82' lang='lat' dir='ltr'><strong>ex-</strong></span> 
     </span>
     <span class='ocr_line' id='line_1_10' title="bbox 406 931 1649 988; baseline 0 -12"><span class='ocrx_word' id='word_1_58' title='bbox 406 931 547 976; x_wconf 78' lang='lat' dir='ltr'><strong>silium</strong></span> <span class='ocrx_word' id='word_1_59' title='bbox 585 932 631 974; x_wconf 86' lang='lat' dir='ltr'><strong>in</strong></span> <span class='ocrx_word' id='word_1_60' title='bbox 664 931 852 987; x_wconf 87' lang='lat' dir='ltr'><strong>Rutilio,</strong></span> <span class='ocrx_word' id='word_1_61' title='bbox 888 941 1090 977; x_wconf 84' lang='lat' dir='ltr'><strong>tormenta</strong></span> <span class='ocrx_word' id='word_1_62' title='bbox 1131 932 1174 975; x_wconf 90' lang='lat' dir='ltr'><strong>in</strong></span> <span class='ocrx_word' id='word_1_63' title='bbox 1212 932 1376 988; x_wconf 87' lang='lat' dir='ltr'><strong>Regulo</strong></span> <span class='ocrx_word' id='word_1_64' title='bbox 1393 964 1409 986; x_wconf 86' lang='lat'>‚</span> <span class='ocrx_word' id='word_1_65' title='bbox 1446 943 1649 977; x_wconf 89' lang='lat' dir='ltr'>venenum</span> 
     </span>
     <span class='ocr_line' id='line_1_11' title="bbox 408 1017 1649 1077; baseline 0 -13"><span class='ocrx_word' id='word_1_66' title='bbox 408 1017 457 1063; x_wconf 87' lang='lat' dir='ltr'><strong>in</strong></span> <span class='ocrx_word' id='word_1_67' title='bbox 501 1018 697 1076; x_wconf 84' lang='lat' dir='ltr'><strong>Socrate,</strong></span> <span class='ocrx_word' id='word_1_68' title='bbox 740 1029 913 1065; x_wconf 87' lang='lat' dir='ltr'><strong>mortem</strong></span> <span class='ocrx_word' id='word_1_69' title='bbox 959 1019 1001 1063; x_wconf 90' lang='lat' dir='ltr'><strong>in</strong></span> <span class='ocrx_word' id='word_1_70' title='bbox 1039 1019 1218 1065; x_wconf 91' lang='lat' dir='ltr'><strong>Catone.</strong></span> <span class='ocrx_word' id='word_1_71' title='bbox 1276 1019 1476 1077; x_wconf 88' lang='lat' dir='ltr'><strong>Magnum</strong></span> <span class='ocrx_word' id='word_1_72' title='bbox 1514 1033 1649 1066; x_wconf 86' lang='lat' dir='ltr'><strong>exem-</strong></span> 
     </span>
     <span class='ocr_line' id='line_1_12' title="bbox 401 1102 1647 1161; baseline 0.001 -12"><span class='ocrx_word' id='word_1_73' title='bbox 401 1105 518 1161; x_wconf 83' lang='lat' dir='ltr'><strong>plum</strong></span> <span class='ocrx_word' id='word_1_74' title='bbox 532 1136 549 1159; x_wconf 89' lang='lat'><strong>‚</strong></span> <span class='ocrx_word' id='word_1_75' title='bbox 585 1104 668 1149; x_wconf 86' lang='lat' dir='ltr'><strong>nisi</strong></span> <span class='ocrx_word' id='word_1_76' title='bbox 705 1104 809 1149; x_wconf 84' lang='lat' dir='ltr'><strong>mala</strong></span> <span class='ocrx_word' id='word_1_77' title='bbox 841 1102 1036 1160; x_wconf 86' lang='lat' dir='ltr'><strong>fortuna,</strong></span> <span class='ocrx_word' id='word_1_78' title='bbox 1066 1116 1151 1148; x_wconf 90' lang='lat' dir='ltr'><strong>non</strong></span> <span class='ocrx_word' id='word_1_79' title='bbox 1182 1103 1354 1148; x_wconf 83' lang='lat' dir='ltr'><strong>invenit.</strong></span> <span class='ocrx_word' id='word_1_80' title='bbox 1413 1104 1563 1150; x_wconf 87' lang='lat' dir='ltr'>Infelix</span> <span class='ocrx_word' id='word_1_81' title='bbox 1582 1115 1647 1150; x_wconf 78' lang='lat' dir='ltr'><strong>est</strong></span> 
     </span>
     <span class='ocr_line' id='line_1_13' title="bbox 399 1191 1647 1248; baseline -0.002 -12"><span class='ocrx_word' id='word_1_82' title='bbox 399 1192 572 1236; x_wconf 82' lang='lat' dir='ltr'><strong>Mucius</strong></span> <span class='ocrx_word' id='word_1_83' title='bbox 587 1221 605 1245; x_wconf 89' lang='lat'>‚</span> <span class='ocrx_word' id='word_1_84' title='bbox 636 1192 753 1244; x_wconf 88' lang='lat' dir='ltr'><strong>quod</strong></span> <span class='ocrx_word' id='word_1_85' title='bbox 790 1192 957 1236; x_wconf 76' lang='lat' dir='ltr'><strong>dextera</strong></span> <span class='ocrx_word' id='word_1_86' title='bbox 993 1193 1111 1248; x_wconf 83' lang='lat' dir='ltr'><strong>ignes</strong></span> <span class='ocrx_word' id='word_1_87' title='bbox 1150 1191 1334 1236; x_wconf 84' lang='lat' dir='ltr'><strong>hostium</strong></span> <span class='ocrx_word' id='word_1_88' title='bbox 1380 1191 1560 1246; x_wconf 82' lang='lat' dir='ltr'><strong>premit,</strong></span> <span class='ocrx_word' id='word_1_89' title='bbox 1605 1200 1647 1234; x_wconf 93' lang='lat' dir='ltr'><strong>et</strong></span> 
     </span>
     <span class='ocr_line' id='line_1_14' title="bbox 399 1276 1642 1334; baseline 0.001 -13"><span class='ocrx_word' id='word_1_90' title='bbox 399 1279 491 1334; x_wconf 87' lang='lat' dir='ltr'><strong>ipse</strong></span> <span class='ocrx_word' id='word_1_91' title='bbox 526 1291 551 1322; x_wconf 82' lang='lat' dir='ltr'><strong>a</strong></span> <span class='ocrx_word' id='word_1_92' title='bbox 579 1290 627 1322; x_wconf 87' lang='lat' dir='ltr'><strong>se</strong></span> <span class='ocrx_word' id='word_1_93' title='bbox 657 1276 781 1332; x_wconf 84' lang='lat' dir='ltr'><strong>exigit</strong></span> <span class='ocrx_word' id='word_1_94' title='bbox 810 1277 959 1321; x_wconf 85' lang='lat' dir='ltr'><strong>erroris</strong></span> <span class='ocrx_word' id='word_1_95' title='bbox 996 1277 1063 1323; x_wconf 90' lang='lat' dir='ltr'><strong>sui</strong></span> <span class='ocrx_word' id='word_1_96' title='bbox 1099 1278 1286 1332; x_wconf 78' lang='lat' dir='ltr'><strong>poenas?</strong></span> <span class='ocrx_word' id='word_1_97' title='bbox 1323 1278 1438 1332; x_wconf 86' lang='lat' dir='ltr'><strong>quod</strong></span> <span class='ocrx_word' id='word_1_98' title='bbox 1469 1290 1605 1334; x_wconf 88' lang='lat' dir='ltr'>regem</span> <span class='ocrx_word' id='word_1_99' title='bbox 1624 1309 1642 1332; x_wconf 89' lang='lat'>,</span> 
     </span>
     <span class='ocr_line' id='line_1_15' title="bbox 399 1363 1644 1423; baseline -0.002 -12"><span class='ocrx_word' id='word_1_100' title='bbox 399 1377 526 1421; x_wconf 84' lang='lat' dir='ltr'><strong>quem</strong></span> <span class='ocrx_word' id='word_1_101' title='bbox 574 1366 726 1410; x_wconf 76' lang='lat' dir='ltr'><strong>armata</strong></span> <span class='ocrx_word' id='word_1_102' title='bbox 772 1376 896 1410; x_wconf 88' lang='lat' dir='ltr'><strong>manu</strong></span> <span class='ocrx_word' id='word_1_103' title='bbox 941 1377 1029 1410; x_wconf 90' lang='lat' dir='ltr'><strong>non</strong></span> <span class='ocrx_word' id='word_1_104' title='bbox 1072 1364 1210 1421; x_wconf 90' lang='lat' dir='ltr'><strong>potuit</strong></span> <span class='ocrx_word' id='word_1_105' title='bbox 1225 1397 1242 1421; x_wconf 91' lang='lat'><strong>,</strong></span> <span class='ocrx_word' id='word_1_106' title='bbox 1291 1366 1434 1411; x_wconf 74' lang='lat' dir='ltr'><strong>exusta</strong></span> <span class='ocrx_word' id='word_1_107' title='bbox 1485 1363 1604 1423; x_wconf 87' lang='lat' dir='ltr'><strong>fugat</strong></span> <span class='ocrx_word' id='word_1_108' title='bbox 1619 1363 1644 1409; x_wconf 71' lang='lat'><strong>‘2</strong></span> 
     </span>
     <span class='ocr_line' id='line_1_16' title="bbox 1528 1449 1645 1508; baseline -0.017 -13"><span class='ocrx_word' id='word_1_109' title='bbox 1528 1449 1645 1508; x_wconf 88' lang='lat' dir='ltr'><strong>Quid</strong></span> 
     </span>
    </p>
   </div>
   <div class='ocr_carea' id='block_1_6' title="bbox 327 1551 1649 2652">
    <p class='ocr_par' dir='ltr' id='par_1_6' title="bbox 387 1551 1001 1591">
     <span class='ocr_line' id='line_1_17' title="bbox 387 1551 1001 1591; baseline 0.002 -3"><span class='ocrx_word' id='word_1_110' title='bbox 387 1551 600 1589; x_wconf 68' lang='lat' dir='ltr'><strong>Adversus.</strong></span> <span class='ocrx_word' id='word_1_111' title='bbox 632 1555 751 1591; x_wconf 63' lang='lat' dir='ltr'><strong>von.</strong></span> <span class='ocrx_word' id='word_1_112' title='bbox 782 1551 1001 1590; x_wconf 75' lang='lat' dir='ltr'><strong>adversum.</strong></span> 
     </span>
    </p>

    <p class='ocr_par' dir='ltr' id='par_1_7' title="bbox 334 1612 1647 1731">
     <span class='ocr_line' id='line_1_18' title="bbox 387 1612 1647 1664; baseline 0.001 -10"><span class='ocrx_word' id='word_1_113' title='bbox 387 1613 589 1655; x_wconf 81' lang='lat' dir='ltr'><strong>Intendat.</strong></span> <span class='ocrx_word' id='word_1_114' title='bbox 629 1615 738 1656; x_wconf 86' lang='lat' dir='ltr'><strong>Idem</strong></span> <span class='ocrx_word' id='word_1_115' title='bbox 759 1618 941 1656; x_wconf 75' lang='lat' dir='ltr'><strong>intentet.</strong></span> <span class='ocrx_word' id='word_1_116' title='bbox 974 1613 1174 1655; x_wconf 78' lang='lat' dir='ltr'><strong>Utrumvis</strong></span> <span class='ocrx_word' id='word_1_117' title='bbox 1194 1614 1340 1656; x_wconf 85' lang='lat' dir='ltr'><strong>bonum</strong></span> <span class='ocrx_word' id='word_1_118' title='bbox 1369 1614 1552 1664; x_wconf 84' lang='lat' dir='ltr'><strong>videtur,</strong></span> <span class='ocrx_word' id='word_1_119' title='bbox 1577 1612 1647 1657; x_wconf 76' lang='lat' dir='ltr'><strong>sed</strong></span> 
     </span>
     <span class='ocr_line' id='line_1_19' title="bbox 334 1680 715 1731; baseline 0.003 -10"><span class='ocrx_word' id='word_1_120' title='bbox 334 1680 435 1722; x_wconf 75' lang='lat' dir='ltr'><strong>iliud</strong></span> <span class='ocrx_word' id='word_1_121' title='bbox 465 1682 715 1731; x_wconf 68' lang='lat' dir='ltr'><strong>exquisitius.</strong></span> 
     </span>
    </p>

    <p class='ocr_par' dir='ltr' id='par_1_8' title="bbox 388 1746 943 1795">
     <span class='ocr_line' id='line_1_20' title="bbox 388 1746 943 1795; baseline 0.002 -9"><span class='ocrx_word' id='word_1_122' title='bbox 388 1758 414 1795; x_wconf 77' lang='grc' dir='ltr'><strong><em>ς</em></strong></span> <span class='ocrx_word' id='word_1_123' title='bbox 464 1748 628 1788; x_wconf 75' lang='lat' dir='ltr'><strong>Rutilio.</strong></span> <span class='ocrx_word' id='word_1_124' title='bbox 657 1746 766 1787; x_wconf 65' lang='lat' dir='ltr'><strong>rubr.</strong></span> <span class='ocrx_word' id='word_1_125' title='bbox 798 1747 943 1788; x_wconf 66' lang='lat' dir='ltr'><strong>incilia.</strong></span> 
     </span>
    </p>

    <p class='ocr_par' dir='ltr' id='par_1_9' title="bbox 385 1811 1183 1853">
     <span class='ocr_line' id='line_1_21' title="bbox 385 1811 1183 1853; baseline 0.001 -1"><span class='ocrx_word' id='word_1_126' title='bbox 385 1812 555 1852; x_wconf 80' lang='lat' dir='ltr'><strong>Mortem</strong></span> <span class='ocrx_word' id='word_1_127' title='bbox 591 1816 632 1852; x_wconf 71' lang='lat' dir='ltr'><strong>in</strong></span> <span class='ocrx_word' id='word_1_128' title='bbox 663 1813 755 1852; x_wconf 79' lang='lat' dir='ltr'><em>Cat.</em></span> <span class='ocrx_word' id='word_1_129' title='bbox 789 1812 927 1852; x_wconf 86' lang='lat' dir='ltr'><strong>Omisit</strong></span> <span class='ocrx_word' id='word_1_130' title='bbox 958 1812 1055 1853; x_wconf 77' lang='lat' dir='ltr'><strong>haec</strong></span> <span class='ocrx_word' id='word_1_131' title='bbox 1085 1811 1183 1853; x_wconf 75' lang='lat' dir='ltr'><strong>Am·</strong></span> 
     </span>
    </p>

    <p class='ocr_par' dir='ltr' id='par_1_10' title="bbox 332 1876 1648 1987">
     <span class='ocr_line' id='line_1_22' title="bbox 379 1876 1648 1928; baseline 0 -10"><span class='ocrx_word' id='word_1_132' title='bbox 379 1878 577 1918; x_wconf 72' lang='lat' dir='ltr'><strong>Dextera.</strong></span> <span class='ocrx_word' id='word_1_133' title='bbox 629 1877 758 1919; x_wconf 81' lang='lat' dir='ltr'><strong>codd.</strong></span> <span class='ocrx_word' id='word_1_134' title='bbox 784 1877 898 1918; x_wconf 83' lang='lat' dir='ltr'><strong>Leid.</strong></span> <span class='ocrx_word' id='word_1_135' title='bbox 927 1877 1098 1926; x_wconf 67' lang='lat' dir='ltr'><strong>dextra,</strong></span> <span class='ocrx_word' id='word_1_136' title='bbox 1136 1876 1248 1928; x_wconf 85' lang='lat' dir='ltr'><strong>quod</strong></span> <span class='ocrx_word' id='word_1_137' title='bbox 1283 1876 1326 1918; x_wconf 77' lang='lat' dir='ltr'><strong>h.</strong></span> <span class='ocrx_word' id='word_1_138' title='bbox 1356 1879 1385 1921; x_wconf 88' lang='grc' dir='ltr'><strong>Ι.</strong></span> <span class='ocrx_word' id='word_1_139' title='bbox 1414 1877 1540 1918; x_wconf 78' lang='lat' dir='ltr'><strong>minus</strong></span> <span class='ocrx_word' id='word_1_140' title='bbox 1573 1886 1648 1918; x_wconf 82' lang='lat' dir='ltr'><strong>nu-</strong></span> 
     </span>
     <span class='ocr_line' id='line_1_23' title="bbox 332 1953 644 1987; baseline 0.003 -4"><span class='ocrx_word' id='word_1_141' title='bbox 332 1953 486 1987; x_wconf 65' lang='lat' dir='ltr'><strong>mme</strong></span> <span class='ocrx_word' id='word_1_142' title='bbox 516 1953 644 1985; x_wconf 71' lang='lat' dir='ltr'><strong>sonat.</strong></span> 
     </span>
    </p>

    <p class='ocr_par' dir='ltr' id='par_1_11' title="bbox 327 2007 1649 2451">
     <span class='ocr_line' id='line_1_24' title="bbox 377 2007 1645 2060; baseline 0.001 -12"><span class='ocrx_word' id='word_1_143' title='bbox 377 2007 438 2048; x_wconf 70' lang='lat' dir='ltr'><strong>Bt</strong></span> <span class='ocrx_word' id='word_1_144' title='bbox 469 2011 561 2058; x_wconf 70' lang='lat' dir='ltr'><strong>ipse.</strong></span> <span class='ocrx_word' id='word_1_145' title='bbox 596 2013 716 2050; x_wconf 68' lang='lat' dir='ltr'><strong>von.</strong></span> <span class='ocrx_word' id='word_1_146' title='bbox 748 2012 849 2059; x_wconf 73' lang='lat' dir='ltr'><strong>qud</strong></span> <span class='ocrx_word' id='word_1_147' title='bbox 887 2013 992 2060; x_wconf 69' lang='lat' dir='ltr'><strong>ipse.-</strong></span> <span class='ocrx_word' id='word_1_148' title='bbox 1031 2018 1131 2059; x_wconf 75' lang='lat' dir='ltr'><strong>quae</strong></span> <span class='ocrx_word' id='word_1_149' title='bbox 1169 2007 1321 2054; x_wconf 83' lang='lat' dir='ltr'><strong>lectio,</strong></span> <span class='ocrx_word' id='word_1_150' title='bbox 1346 2007 1524 2057; x_wconf 67' lang='lat' dir='ltr'><strong>qumvis</strong></span> <span class='ocrx_word' id='word_1_151' title='bbox 1566 2009 1645 2049; x_wconf 79' lang='lat' dir='ltr'><strong>eie·</strong></span> 
     </span>
     <span class='ocr_line' id='line_1_25' title="bbox 332 2069 1649 2124; baseline 0.003 -14"><span class='ocrx_word' id='word_1_152' title='bbox 332 2080 451 2121; x_wconf 68' lang='lat' dir='ltr'><strong>gans,</strong></span> <span class='ocrx_word' id='word_1_153' title='bbox 478 2082 557 2111; x_wconf 86' lang='lat' dir='ltr'><strong>non</strong></span> <span class='ocrx_word' id='word_1_154' title='bbox 578 2082 704 2114; x_wconf 79' lang='lat' dir='ltr'><strong>tamen</strong></span> <span class='ocrx_word' id='word_1_155' title='bbox 727 2074 862 2114; x_wconf 78' lang='lat' dir='ltr'><strong>invitis</strong></span> <span class='ocrx_word' id='word_1_156' title='bbox 885 2073 1028 2114; x_wconf 69' lang='lat' dir='ltr'><strong>ceteris</strong></span> <span class='ocrx_word' id='word_1_157' title='bbox 1047 2071 1269 2124; x_wconf 73' lang='lat' dir='ltr'><strong>recipienda</strong></span> <span class='ocrx_word' id='word_1_158' title='bbox 1287 2072 1458 2112; x_wconf 69' lang='lat' dir='ltr'><strong>vinen-</strong></span> <span class='ocrx_word' id='word_1_159' title='bbox 1484 2069 1649 2114; x_wconf 77' lang='lat' dir='ltr'><strong>Profec-</strong></span> 
     </span>
     <span class='ocr_line' id='line_1_26' title="bbox 339 2136 1646 2189; baseline 0.002 -14"><span class='ocrx_word' id='word_1_160' title='bbox 339 2144 417 2176; x_wconf 72' lang='lat' dir='ltr'><strong>tum</strong></span> <span class='ocrx_word' id='word_1_161' title='bbox 449 2147 536 2176; x_wconf 75' lang='lat' dir='ltr'><strong>esse</strong></span> <span class='ocrx_word' id='word_1_162' title='bbox 568 2138 688 2178; x_wconf 80' lang='lat' dir='ltr'><strong>credo</strong></span> <span class='ocrx_word' id='word_1_163' title='bbox 713 2139 760 2179; x_wconf 78' lang='lat' dir='ltr'><strong>ab</strong></span> <span class='ocrx_word' id='word_1_164' title='bbox 793 2139 951 2189; x_wconf 85' lang='lat' dir='ltr'><strong>aliquo,</strong></span> <span class='ocrx_word' id='word_1_165' title='bbox 988 2139 1056 2188; x_wconf 84' lang='lat' dir='ltr'><strong>qui</strong></span> <span class='ocrx_word' id='word_1_166' title='bbox 1097 2137 1138 2177; x_wconf 84' lang='lat' dir='ltr'><strong>in</strong></span> <span class='ocrx_word' id='word_1_167' title='bbox 1171 2147 1259 2187; x_wconf 69' lang='lat' dir='ltr'><strong>sqq.</strong></span> <span class='ocrx_word' id='word_1_168' title='bbox 1290 2136 1554 2186; x_wconf 67' lang='lat' dir='ltr'><strong>ingeminatam</strong></span> <span class='ocrx_word' id='word_1_169' title='bbox 1584 2139 1646 2177; x_wconf 80' lang='lat' dir='ltr'><strong>vi-</strong></span> 
     </span>
     <span class='ocr_line' id='line_1_27' title="bbox 333 2200 1647 2254; baseline 0 -11"><span class='ocrx_word' id='word_1_170' title='bbox 333 2201 442 2243; x_wconf 76' lang='lat' dir='ltr'><strong>derat</strong></span> <span class='ocrx_word' id='word_1_171' title='bbox 470 2202 695 2253; x_wconf 66' lang='lat' dir='ltr'><strong>pauculam</strong></span> <span class='ocrx_word' id='word_1_172' title='bbox 724 2202 848 2254; x_wconf 72' lang='lat' dir='ltr'><em>qud.-</em></span> <span class='ocrx_word' id='word_1_173' title='bbox 886 2229 918 2251; x_wconf 91' lang='lat'><strong>‚,</strong></span> <span class='ocrx_word' id='word_1_174' title='bbox 938 2201 1084 2254; x_wconf 63' lang='lat' dir='ltr'><strong>tnf‘eux</strong></span> <span class='ocrx_word' id='word_1_175' title='bbox 1106 2208 1163 2241; x_wconf 73' lang='lat' dir='ltr'><strong>ost</strong></span> <span class='ocrx_word' id='word_1_176' title='bbox 1192 2200 1422 2254; x_wconf 55' lang='lat' dir='ltr'><strong>Fabrtctng,</strong></span> <span class='ocrx_word' id='word_1_177' title='bbox 1451 2201 1552 2253; x_wconf 73' lang='lat' dir='ltr'><strong>qnod</strong></span> <span class='ocrx_word' id='word_1_178' title='bbox 1576 2214 1647 2243; x_wconf 77' lang='lat' dir='ltr'><strong>rus</strong></span> 
     </span>
     <span class='ocr_line' id='line_1_28' title="bbox 331 2265 1647 2321; baseline -0.001 -11"><span class='ocrx_word' id='word_1_179' title='bbox 331 2295 365 2318; x_wconf 65' lang='lat'><strong>,0</strong></span> <span class='ocrx_word' id='word_1_180' title='bbox 395 2280 504 2310; x_wconf 66' lang='lat' dir='ltr'><strong>suun</strong></span> <span class='ocrx_word' id='word_1_181' title='bbox 537 2268 671 2321; x_wconf 74' lang='lat' dir='ltr'><strong>fodit,</strong></span> <span class='ocrx_word' id='word_1_182' title='bbox 703 2268 807 2321; x_wconf 66' lang='lat' dir='ltr'><strong>quod</strong></span> <span class='ocrx_word' id='word_1_183' title='bbox 836 2269 976 2311; x_wconf 69' lang='lat' dir='ltr'><strong>bellun</strong></span> <span class='ocrx_word' id='word_1_184' title='bbox 1013 2265 1172 2320; x_wconf 50' lang='lat' dir='ltr'><strong>gerit?</strong></span> <span class='ocrx_word' id='word_1_185' title='bbox 1212 2275 1291 2308; x_wconf 82' lang='lat' dir='ltr'><strong>eet.</strong></span> <span class='ocrx_word' id='word_1_186' title='bbox 1338 2271 1480 2320; x_wconf 73' lang='lat' dir='ltr'><strong>Neque</strong></span> <span class='ocrx_word' id='word_1_187' title='bbox 1518 2276 1647 2309; x_wconf 77' lang='lat' dir='ltr'><strong>tmen</strong></span> 
     </span>
     <span class='ocr_line' id='line_1_29' title="bbox 329 2331 1642 2384; baseline 0 -12"><span class='ocrx_word' id='word_1_188' title='bbox 329 2334 435 2377; x_wconf 83' lang='lat' dir='ltr'><strong>haec</strong></span> <span class='ocrx_word' id='word_1_189' title='bbox 462 2333 586 2372; x_wconf 81' lang='lat' dir='ltr'><strong>forma</strong></span> <span class='ocrx_word' id='word_1_190' title='bbox 617 2342 810 2384; x_wconf 77' lang='lat' dir='ltr'><strong>perpetuo</strong></span> <span class='ocrx_word' id='word_1_191' title='bbox 841 2333 897 2373; x_wconf 76' lang='lat' dir='ltr'><strong>ibi</strong></span> <span class='ocrx_word' id='word_1_192' title='bbox 929 2342 1127 2374; x_wconf 68' lang='lat' dir='ltr'><strong>serv-tun</strong></span> <span class='ocrx_word' id='word_1_193' title='bbox 1162 2332 1215 2372; x_wconf 81' lang='lat' dir='ltr'><strong>de</strong></span> <span class='ocrx_word' id='word_1_194' title='bbox 1241 2331 1401 2373; x_wconf 81' lang='lat' dir='ltr'><strong>Rutilio</strong></span> <span class='ocrx_word' id='word_1_195' title='bbox 1431 2334 1534 2374; x_wconf 77' lang='lat' dir='ltr'><strong>enin</strong></span> <span class='ocrx_word' id='word_1_196' title='bbox 1565 2335 1642 2373; x_wconf 69' lang='lat' dir='ltr'><strong>titt</strong></span> 
     </span>
     <span class='ocr_line' id='line_1_30' title="bbox 327 2399 1594 2451; baseline -0.001 -10"><span class='ocrx_word' id='word_1_197' title='bbox 327 2399 429 2451; x_wconf 82' lang='lat' dir='ltr'><strong>quod</strong></span> <span class='ocrx_word' id='word_1_198' title='bbox 454 2400 579 2450; x_wconf 74' lang='lat' dir='ltr'><strong>Syllae</strong></span> <span class='ocrx_word' id='word_1_199' title='bbox 607 2399 760 2450; x_wconf 65' lang='lat' dir='ltr'><strong>aliquid</strong></span> <span class='ocrx_word' id='word_1_200' title='bbox 781 2403 942 2451; x_wconf 69' lang='lat' dir='ltr'><strong>negavit</strong></span> <span class='ocrx_word' id='word_1_201' title='bbox 961 2428 976 2446; x_wconf 85' lang='lat'>‚</span> <span class='ocrx_word' id='word_1_202' title='bbox 995 2408 1037 2440; x_wconf 80' lang='lat' dir='ltr'><strong>et</strong></span> <span class='ocrx_word' id='word_1_203' title='bbox 1064 2407 1267 2451; x_wconf 70' lang='lat' dir='ltr'><strong>revocatus</strong></span> <span class='ocrx_word' id='word_1_204' title='bbox 1295 2400 1440 2450; x_wconf 62' lang='lat' dir='ltr'><strong>longius</strong></span> <span class='ocrx_word' id='word_1_205' title='bbox 1461 2399 1594 2450; x_wconf 56' lang='lat' dir='ltr'><strong>sugit.</strong></span> 
     </span>
    </p>

    <p class='ocr_par' dir='ltr' id='par_1_12' title="bbox 327 2464 1643 2652">
     <span class='ocr_line' id='line_1_31' title="bbox 378 2464 1643 2517; baseline -0.001 -11"><span class='ocrx_word' id='word_1_206' title='bbox 378 2466 524 2517; x_wconf 61' lang='lat' dir='ltr'><strong>Mat.</strong></span> <span class='ocrx_word' id='word_1_207' title='bbox 577 2466 692 2506; x_wconf 73' lang='lat' dir='ltr'><strong>Voss.</strong></span> <span class='ocrx_word' id='word_1_208' title='bbox 704 2465 897 2517; x_wconf 72' lang='lat' dir='ltr'><strong>fugavit,</strong></span> <span class='ocrx_word' id='word_1_209' title='bbox 928 2467 1032 2516; x_wconf 86' lang='lat' dir='ltr'><strong>quod</strong></span> <span class='ocrx_word' id='word_1_210' title='bbox 1065 2476 1144 2505; x_wconf 89' lang='lat' dir='ltr'><strong>non</strong></span> <span class='ocrx_word' id='word_1_211' title='bbox 1174 2464 1295 2515; x_wconf 68' lang='lat' dir='ltr'><strong>magis</strong></span> <span class='ocrx_word' id='word_1_212' title='bbox 1326 2465 1566 2515; x_wconf 71' lang='lat' dir='ltr'><strong>probandum</strong></span> <span class='ocrx_word' id='word_1_213' title='bbox 1585 2465 1643 2505; x_wconf 84' lang='lat' dir='ltr'><strong>vi·</strong></span> 
     </span>
     <span class='ocr_line' id='line_1_32' title="bbox 332 2530 1643 2584; baseline 0 -12"><span class='ocrx_word' id='word_1_214' title='bbox 332 2531 472 2581; x_wconf 85' lang='lat' dir='ltr'><strong>detur,</strong></span> <span class='ocrx_word' id='word_1_215' title='bbox 497 2544 609 2584; x_wconf 79' lang='lat' dir='ltr'><strong>quam</strong></span> <span class='ocrx_word' id='word_1_216' title='bbox 630 2534 738 2584; x_wconf 91' lang='lat' dir='ltr'><strong>quod</strong></span> <span class='ocrx_word' id='word_1_217' title='bbox 762 2545 856 2573; x_wconf 80' lang='lat' dir='ltr'><strong>mox</strong></span> <span class='ocrx_word' id='word_1_218' title='bbox 880 2545 948 2584; x_wconf 88' lang='lat' dir='ltr'><strong>pro</strong></span> <span class='ocrx_word' id='word_1_219' title='bbox 969 2536 1116 2574; x_wconf 77' lang='lat' dir='ltr'><strong>amicae</strong></span> <span class='ocrx_word' id='word_1_220' title='bbox 1138 2530 1248 2573; x_wconf 79' lang='lat' dir='ltr'><strong>Fabr.</strong></span> <span class='ocrx_word' id='word_1_221' title='bbox 1271 2531 1385 2574; x_wconf 82' lang='lat' dir='ltr'><strong>habet</strong></span> <span class='ocrx_word' id='word_1_222' title='bbox 1415 2534 1643 2581; x_wconf 67' lang='lat' dir='ltr'><strong>amicitiae,</strong></span> 
     </span>
     <span class='ocr_line' id='line_1_33' title="bbox 327 2597 1308 2652; baseline -0.002 -11"><span class='ocrx_word' id='word_1_223' title='bbox 327 2611 483 2641; x_wconf 79' lang='lat' dir='ltr'><strong>rursum</strong></span> <span class='ocrx_word' id='word_1_224' title='bbox 509 2612 584 2651; x_wconf 66' lang='lat' dir='ltr'><strong>pro</strong></span> <span class='ocrx_word' id='word_1_225' title='bbox 616 2611 683 2640; x_wconf 83' lang='lat' dir='ltr'><strong>rus</strong></span> <span class='ocrx_word' id='word_1_226' title='bbox 719 2610 825 2641; x_wconf 72' lang='lat' dir='ltr'><strong>sumu</strong></span> <span class='ocrx_word' id='word_1_227' title='bbox 838 2626 853 2647; x_wconf 92' lang='lat'>,</span> <span class='ocrx_word' id='word_1_228' title='bbox 889 2608 928 2640; x_wconf 90' lang='lat' dir='ltr'><strong>et</strong></span> <span class='ocrx_word' id='word_1_229' title='bbox 952 2600 1061 2650; x_wconf 72' lang='lat' dir='ltr'><strong>fovit</strong></span> <span class='ocrx_word' id='word_1_230' title='bbox 1089 2609 1163 2650; x_wconf 87' lang='lat' dir='ltr'><strong>pro</strong></span> <span class='ocrx_word' id='word_1_231' title='bbox 1184 2597 1308 2652; x_wconf 75' lang='lat' dir='ltr'><strong>fodit.</strong></span> 
     </span>
    </p>
   </div>
  </div>
 </body>
</html>
