1970 3267
889 215 1054 257 Ξ
1564 228 1618 273 19

323 358 503 395 remotus
518 378 534 400 ,
569 353 616 390 ut
656 354 789 390 tamen
839 345 879 387 in
926 344 1176 401 gravioribus
1226 347 1346 392 rebus
1395 358 1613 391 arcessere-

324 447 391 480 tur
419 432 563 490 (33).
623 432 891 484 Posteaquam
930 445 1062 475 autem
1102 434 1281 487 Burrus,
1318 448 1438 487 quem
1474 434 1517 477 in
1553 448 1614 476 re-

314 518 673 576 >gendo>consiliis
719 518 903 563 honestis
955 520 1219 574 Imperatoris
1269 521 1402 564 animo
1447 523 1609 566 socium

323 616 365 650 et
393 607 615 664 adjutorem
651 604 877 670 habuerat,
919 617 1078 649 veneno
1121 605 1268 659 periit,
1301 602 1475 649 Senecae
1508 618 1611 658 quo·

325 706 407 748 que
440 692 620 748 potentia
655 691 821 737 infracta
868 702 945 736 est.
1019 692 1128 736 Mox
1172 689 1290 736 variis
1334 690 1619 736 criminationi-

325 779 404 824 bus
440 779 483 822 in
514 780 699 824 invidiam
738 779 913 834 Principi
954 779 1183 835 adductuS,
1221 793 1271 824 ex
1317 779 1387 823 illo
1426 792 1616 836 praecep-

327 876 404 919 to,
445 868 559 919 quod
603 867 698 909 olim
741 867 902 910 Lucilio
941 867 1104 910 dederat
1151 867 1238 925 Ep.
1276 880 1355 921 14,
1399 867 1622 921 sapientem

326 965 536 1005 nunquam
566 952 795 1006 potentium
835 952 912 993 iras
957 962 1274 1005 provocaturum
1290 983 1304 1004 ,
1344 953 1468 994 immo
1501 953 1624 994 decli-

327 1047 516 1082 naturum
532 1069 546 1091 ,
586 1050 671 1080 non
715 1036 827 1081 aliter
860 1049 981 1091 quam
1016 1037 1058 1080 in
1110 1037 1336 1092 navigando
1374 1037 1623 1092 procellam,

328 1125 414 1169 vela
463 1124 682 1168 contraxit.
752 1125 894 1178 Itaque
942 1124 1184 1178 „instituta
1217 1124 1366 1179 prioris
1416 1125 1621 1179 potentiae

334 1240 363 1267 „
390 1221 636 1255 commutat:
668 1211 857 1265 prohibet
891 1223 1034 1256 coetus
1088 1187 1374 1256 salutantium:
1423 1212 1523 1256 vitat
1560 1225 1631 1255 co-

334 1325 362 1351 „
393 1296 603 1351 mitantes3
642 1308 755 1342 rarus
787 1310 862 1352 per
889 1297 1056 1353 urbem3
1090 1297 1207 1353 quasi
1232 1297 1461 1343 valetudine
1497 1297 1629 1342 infen-

336 1410 364 1435 „
397 1393 472 1435 sa,
508 1391 579 1424 aut
611 1382 828 1436 sapientiae
862 1382 1008 1427 studiis
1051 1383 1161 1426 domi
1196 1383 1448 1429 attineretur.
1465 1384 1493 1402 '’
1523 1383 1629 1441 (34)

333 1468 484 1523 Neque
519 1478 651 1514 tamen
689 1471 754 1514 hic
786 1485 971 1515 secessus
1015 1472 1171 1526 optimo
1218 1473 1308 1516 viro
1347 1474 1461 1516 valde
1491 1474 1627 1527 gravis

333 1554 512 1598 accidere
544 1554 711 1608 potuit,
755 1555 825 1608 qui
874 1555 1110 1610 J‘amdudum
1159 1569 1182 1599 a
1222 1555 1490 1609 Philosophia
1532 1557 1634 1599 didi-

332 1650 464 1694 cerat,
496 1650 535 1683 et
556 1639 718 1685 Lucilio
744 1654 821 1685 suo
848 1651 1106 1696 praeceperat
1130 1640 1283 1696 (35),
1314 1640 1517 1685 vitandam
1543 1656 1633 1687 esse

340 1726 530 1780 turbam,
564 1757 591 1780 „
620 1727 809 1781 vitanda,
843 1739 1110 1782 quaecunque
1148 1726 1276 1782 vulgo
1312 1727 1499 1781 placent,
1531 1740 1637 1781 quae

339 1842 368 1866 „
396 1825 513 1855 casus
556 1813 784 1855 attribuit.'’
843 1812 1025 1856 Omnino
1060 1822 1310 1857 senectutem
1345 1813 1521 1857 Senecae
1546 1826 1633 1857 non

337 1900 537 1943 immerito
580 1899 727 1943 dixeris
763 1900 958 1954 optimam
1003 1901 1090 1956 ejus
1138 1900 1242 1943 vitae
1276 1908 1431 1953 partem
1475 1901 1499 1950 (
1515 1901 1567 1953 36
1577 1904 1629 1954 J:

337 1999 436 2033 tunc
467 1990 728 2044 sapientiam,
771 1990 845 2032 etsi
883 1991 996 2033 nullo
1039 2000 1222 2042 tempore
1280 1988 1394 2041 parvi
1431 1986 1636 2037 habitam,

337 2074 557 2131 praecipuo
603 2086 736 2120 tamen
776 2075 913 2120 studio
943 2074 1097 2129 coluit,
1151 2084 1196 2118 ut
1229 2083 1268 2117 et
1307 2071 1484 2116 animum
1523 2070 1633 2114 curis

337 2175 385 2205 ac
432 2163 537 2206 vitiis
576 2162 760 2204 liberaret
780 2191 794 2213 ,
840 2171 879 2203 et
910 2170 1073 2204 naturae
1105 2159 1449 2213 contemplatione
1480 2170 1637 2201 rernm-

1588 2261 1640 2290 ue

386 2306 504 2357 (33)
531 2305 566 2345 Τ
584 2314 652 2344 ac.
688 2308 787 2344 Ann.
813 2304 861 2344 L.
899 2305 1001 2344 XIV.
1040 2316 1073 2344 c.
1106 2314 1141 2354 7.
1556 2261 1585 2300 q

387 2371 505 2424 (34)
531 2371 722 2411 Tac.ib.
742 2386 773 2412 c.
800 2373 964 2418 52-56.
993 2373 1119 2411 Verba
1140 2384 1172 2411 c.
1206 2383 1265 2418 53.
1297 2400 1327 2418 „
1354 2372 1646 2412 familiaritatem

341 2438 483 2488 „ejus
516 2439 636 2486 magis
663 2444 886 2485 aspernante
920 2435 1122 2473 Caesare”
1153 2435 1229 2485 jam
1258 2446 1344 2474 ante
1366 2436 1648 2475 criminationes

334 2501 417 2542 ilias
449 2505 612 2542 animum
646 2503 816 2541 Neronis
847 2502 1067 2541 alieniorem
1091 2512 1111 2539 a
1147 2504 1290 2541 Seneca
1314 2503 1439 2542 fuisse
1463 2503 1647 2542 indicant.

388 2568 505 2619 (35)
533 2568 656 2617 Epist.
688 2579 740 2616 7,
769 2573 814 2613 8,
845 2581 902 2608 10.

391 2633 504 2682 (36)
533 2636 590 2670 lta
612 2643 771 2682 quoque
794 2632 830 2674 R
848 2634 983 2674 einh.
1018 2636 1048 2673 l.
1072 2635 1102 2674 l.
1120 2643 1162 2683 p.
1183 2647 1244 2683 40.

1019 2699 1056 2742 C
1089 2713 1114 2741 2
