1970 3267
370 232 424 274 72
672 255 674 257 .
936 222 1103 267 ·“.-“-““““.-

955 402 1089 448 111.

422 605 653 652 Praeclarae
684 605 774 651 illae
789 638 805 661 ,
847 617 951 660 quae
986 604 1030 649 in
1060 601 1214 650 Seneca
1251 604 1444 663 leguntur
1457 636 1473 660 ,
1512 613 1671 649 senten·

369 690 475 747 tiae,
530 693 672 751 potius
720 706 744 736 e
781 690 1045 748 philosophia
1083 690 1222 735 Stoica
1257 692 1471 747 ipsiusque
1508 691 1673 746 ingenio

367 775 508 833 felici,
550 792 672 833 quam
709 792 732 821 e
759 777 991 821 Christiana
1024 776 1241 831 Religione
1276 778 1516 832 repetendae
1553 786 1669 822 sunt.

972 946 1082 992 IV.

428 1121 608 1166 Erasmo
649 1130 785 1164 tamen
821 1120 1051 1175 assentior,
1096 1130 1254 1168 tantum
1289 1119 1459 1174 abesse,
1513 1130 1559 1164 ut
1591 1119 1671 1164 hoe

368 1209 586 1252 statuendo
624 1208 849 1261 quidquam
886 1209 937 1251 de
976 1209 1174 1253 librorum
1218 1210 1306 1266 ejus
1341 1208 1510 1253 utilitate
1543 1207 1672 1249 detra-

368 1294 519 1348 hatur,
560 1304 605 1338 ut
645 1295 699 1338 ita
731 1294 884 1350 majore
913 1293 1033 1338 etiam
1067 1308 1163 1339 cum
1188 1295 1329 1341 fructu
1366 1295 1447 1351 legi
1490 1293 1671 1349 possint.

1006 1450 1067 1509 v.

423 1638 526 1683 Non
552 1637 651 1683 satis
686 1649 831 1695 graves
871 1649 962 1682 esse
987 1650 1129 1683 causae
1167 1636 1358 1683 videntur
1373 1669 1388 1692 ‚
1419 1649 1543 1693 quare
1569 1635 1673 1682 Con-

366 1723 610 1767 solationcm
649 1721 714 1765 ad
745 1721 967 1776 Polybium
1006 1722 1181 1766 Senecae
1216 1723 1510 1779 abjudicemus,

962 1892 1070 1939 Vl.

421 2053 552 2126 Qudd
587 2064 698 2121 apud
741 2064 953 2109 Senecam.
995 2065 1046 2109 de
1077 2063 1225 2120 Benef.
1261 2065 1342 2126 VI.
1375 2079 1447 2121 4¹·
1491 2066 1534 2110 in
1572 2067 1662 2113 his:

364 2185 394 2209 „
422 2152 573 2203 Nemo?
596 2151 704 2196 enim
742 2150 913 2196 libenter
947 2151 1107 2208 reddit,
1145 2153 1259 2208 quod
1297 2153 1450 2198 invitus
1486 2154 1606 2199 debet
1617 2155 1666 2210 ‚²²

361 2242 532 2287 Henr.
564 2240 876 2296 Stephanus
912 2240 1093 2301 (Epist.
1121 2242 1184 2286 ad
1203 2242 1483 2300 Dalcchamp.
1503 2254 1551 2301 p.
1567 2245 1670 2298 61.)

361 2328 487 2374 inseri
522 2328 612 2373 vult
650 2329 732 2371 nisi
765 2337 861 2372 ante
898 2327 1038 2385 quod,
1080 2328 1122 2372 id
1156 2340 1291 2383 neque
1318 2330 1588 2376 necessarium
1625 2339 1667 2374 et

361 2431 386 2463 a
421 2415 622 2462 sententia
661 2414 876 2472 scriptoris
918 2415 1097 2461 alienum
1142 2414 1319 2461 videtur.

1533 2670 1663 2722 V11.·
