<?xml version="1.0" encoding="UTF-8"?>
<!DOCTYPE html PUBLIC "-//W3C//DTD XHTML 1.0 Transitional//EN"
    "http://www.w3.org/TR/xhtml1/DTD/xhtml1-transitional.dtd">
<html xmlns="http://www.w3.org/1999/xhtml" xml:lang="en" lang="en">
 <head>
  <title>
</title>
<meta http-equiv="Content-Type" content="text/html;charset=utf-8" />
  <meta name='ocr-system' content='tesseract 3.04.00' />
  <meta name='ocr-capabilities' content='ocr_page ocr_carea ocr_par ocr_line ocrx_word'/>
</head>
<body>
  <div class='ocr_page' id='page_1' title='image "4738098_0028.png"; bbox 0 0 1970 3267; ppageno 0'>
   <div class='ocr_carea' id='block_1_1' title="bbox 341 179 1064 225">
    <p class='ocr_par' dir='ltr' id='par_1_1' title="bbox 341 179 1064 225">
     <span class='ocr_line' id='line_1_1' title="bbox 341 179 1064 225; baseline 0 -2"><span class='ocrx_word' id='word_1_1' title='bbox 341 179 387 223; x_wconf 77' lang='lat'>13</span> <span class='ocrx_word' id='word_1_2' title='bbox 899 182 1064 225; x_wconf 82' lang='lat'><em>...·······.-.</em></span> 
     </span>
    </p>
   </div>
   <div class='ocr_carea' id='block_1_2' title="bbox 313 305 1627 1401">
    <p class='ocr_par' dir='ltr' id='par_1_2' title="bbox 330 305 1627 784">
     <span class='ocr_line' id='line_1_2' title="bbox 337 305 1624 365; baseline 0.002 -14"><span class='ocrx_word' id='word_1_3' title='bbox 337 309 399 351; x_wconf 86' lang='lat' dir='ltr'>A.</span> <span class='ocrx_word' id='word_1_4' title='bbox 432 309 533 352; x_wconf 89' lang='lat' dir='ltr'><strong>Chr.</strong></span> <span class='ocrx_word' id='word_1_5' title='bbox 574 306 642 360; x_wconf 86' lang='lat'>64.</span> <span class='ocrx_word' id='word_1_6' title='bbox 683 307 808 363; x_wconf 82' lang='lat'>(29)</span> <span class='ocrx_word' id='word_1_7' title='bbox 850 309 1051 363; x_wconf 89' lang='lat' dir='ltr'>ejusmodi</span> <span class='ocrx_word' id='word_1_8' title='bbox 1091 320 1197 364; x_wconf 91' lang='lat' dir='ltr'>opus</span> <span class='ocrx_word' id='word_1_9' title='bbox 1226 305 1307 352; x_wconf 88' lang='lat' dir='ltr'><strong>sibi</strong></span> <span class='ocrx_word' id='word_1_10' title='bbox 1332 307 1624 365; x_wconf 85' lang='lat' dir='ltr'>proposuisse,</span> 
     </span>
     <span class='ocr_line' id='line_1_3' title="bbox 340 389 1627 450; baseline -0.002 -12"><span class='ocrx_word' id='word_1_11' title='bbox 340 405 438 450; x_wconf 91' lang='lat' dir='ltr'>post</span> <span class='ocrx_word' id='word_1_12' title='bbox 480 393 567 435; x_wconf 85' lang='lat' dir='ltr'>illas</span> <span class='ocrx_word' id='word_1_13' title='bbox 599 394 829 436; x_wconf 77' lang='lat' dir='ltr'>&#39;absolutas</span> <span class='ocrx_word' id='word_1_14' title='bbox 880 389 1194 450; x_wconf 70' lang='lat' dir='ltr'>elaborandum3</span> <span class='ocrx_word' id='word_1_15' title='bbox 1241 395 1355 449; x_wconf 89' lang='lat' dir='ltr'>quod</span> <span class='ocrx_word' id='word_1_16' title='bbox 1398 404 1529 438; x_wconf 88' lang='lat' dir='ltr'>tamen</span> <span class='ocrx_word' id='word_1_17' title='bbox 1573 405 1627 437; x_wconf 88' lang='lat' dir='ltr'>ne</span> 
     </span>
     <span class='ocr_line' id='line_1_4' title="bbox 331 478 1626 536; baseline 0.002 -15"><span class='ocrx_word' id='word_1_18' title='bbox 331 478 572 534; x_wconf 85' lang='lat' dir='ltr'>perficeret,</span> <span class='ocrx_word' id='word_1_19' title='bbox 623 490 753 523; x_wconf 87' lang='lat' dir='ltr'>morte</span> <span class='ocrx_word' id='word_1_20' title='bbox 784 479 1015 534; x_wconf 91' lang='lat' dir='ltr'>prohibitus</span> <span class='ocrx_word' id='word_1_21' title='bbox 1042 493 1163 536; x_wconf 87' lang='lat' dir='ltr'>esse,</span> <span class='ocrx_word' id='word_1_22' title='bbox 1202 480 1400 536; x_wconf 82' lang='lat' dir='ltr'>siquidem</span> <span class='ocrx_word' id='word_1_23' title='bbox 1435 479 1478 524; x_wconf 90' lang='lat' dir='ltr'>in</span> <span class='ocrx_word' id='word_1_24' title='bbox 1519 478 1626 536; x_wconf 88' lang='lat' dir='ltr'>frag·</span> 
     </span>
     <span class='ocr_line' id='line_1_5' title="bbox 334 565 1627 622; baseline 0.001 -13"><span class='ocrx_word' id='word_1_25' title='bbox 334 565 484 610; x_wconf 89' lang='lat' dir='ltr'>mentis</span> <span class='ocrx_word' id='word_1_26' title='bbox 501 597 516 620; x_wconf 86' lang='lat'>‚</span> <span class='ocrx_word' id='word_1_27' title='bbox 562 578 666 620; x_wconf 87' lang='lat' dir='ltr'>quae</span> <span class='ocrx_word' id='word_1_28' title='bbox 715 566 844 609; x_wconf 85' lang='lat' dir='ltr'>multa</span> <span class='ocrx_word' id='word_1_29' title='bbox 875 576 1086 610; x_wconf 86' lang='lat' dir='ltr'>servarunt</span> <span class='ocrx_word' id='word_1_30' title='bbox 1126 580 1148 610; x_wconf 90' lang='lat' dir='ltr'>e</span> <span class='ocrx_word' id='word_1_31' title='bbox 1190 565 1406 622; x_wconf 86' lang='lat' dir='ltr'>deperditis</span> <span class='ocrx_word' id='word_1_32' title='bbox 1452 565 1627 610; x_wconf 85' lang='lat' dir='ltr'>Senecae</span> 
     </span>
     <span class='ocr_line' id='line_1_6' title="bbox 330 649 1624 708; baseline 0.001 -13"><span class='ocrx_word' id='word_1_33' title='bbox 330 651 494 708; x_wconf 87' lang='lat' dir='ltr'>scriptis</span> <span class='ocrx_word' id='word_1_34' title='bbox 542 650 808 705; x_wconf 81' lang='lat' dir='ltr'>Lactantius,</span> <span class='ocrx_word' id='word_1_35' title='bbox 852 649 1159 705; x_wconf 85' lang='lat' dir='ltr'>Tertullianus‚‘</span> <span class='ocrx_word' id='word_1_36' title='bbox 1209 651 1302 707; x_wconf 83' lang='lat' dir='ltr'>alii,</span> <span class='ocrx_word' id='word_1_37' title='bbox 1347 651 1497 697; x_wconf 89' lang='lat' dir='ltr'>nullam</span> <span class='ocrx_word' id='word_1_38' title='bbox 1535 652 1624 708; x_wconf 75' lang='lat' dir='ltr'>eius</span> 
     </span>
     <span class='ocr_line' id='line_1_7' title="bbox 330 739 936 784; baseline 0 0"><span class='ocrx_word' id='word_1_39' title='bbox 330 739 576 784; x_wconf 88' lang='lat' dir='ltr'>mentionem</span> <span class='ocrx_word' id='word_1_40' title='bbox 611 739 696 783; x_wconf 87' lang='lat' dir='ltr'>fieri</span> <span class='ocrx_word' id='word_1_41' title='bbox 735 740 936 784; x_wconf 85' lang='lat' dir='ltr'>videmus.</span> 
     </span>
    </p>

    <p class='ocr_par' dir='ltr' id='par_1_3' title="bbox 313 826 1623 1401">
     <span class='ocr_line' id='line_1_8' title="bbox 381 826 1623 884; baseline 0.002 -16"><span class='ocrx_word' id='word_1_42' title='bbox 381 827 509 883; x_wconf 86' lang='lat' dir='ltr'>Quod</span> <span class='ocrx_word' id='word_1_43' title='bbox 541 826 577 869; x_wconf 86' lang='lat' dir='ltr'>si</span> <span class='ocrx_word' id='word_1_44' title='bbox 611 827 709 869; x_wconf 91' lang='lat' dir='ltr'>haec</span> <span class='ocrx_word' id='word_1_45' title='bbox 735 827 883 870; x_wconf 85' lang='lat' dir='ltr'>indicia</span> <span class='ocrx_word' id='word_1_46' title='bbox 904 826 1222 884; x_wconf 85' lang='lat' dir='ltr'>conjungimus,</span> <span class='ocrx_word' id='word_1_47' title='bbox 1252 839 1338 870; x_wconf 90' lang='lat' dir='ltr'>non</span> <span class='ocrx_word' id='word_1_48' title='bbox 1372 828 1496 870; x_wconf 89' lang='lat' dir='ltr'>modo</span> <span class='ocrx_word' id='word_1_49' title='bbox 1523 841 1623 870; x_wconf 84' lang='lat' dir='ltr'>con-</span> 
     </span>
     <span class='ocr_line' id='line_1_9' title="bbox 320 905 1622 968; baseline -0.001 -11"><span class='ocrx_word' id='word_1_50' title='bbox 320 911 472 957; x_wconf 88' lang='lat' dir='ltr'>firmari</span> <span class='ocrx_word' id='word_1_51' title='bbox 510 911 671 955; x_wconf 91' lang='lat' dir='ltr'>videtur</span> <span class='ocrx_word' id='word_1_52' title='bbox 704 913 899 956; x_wconf 87' lang='lat' dir='ltr'>sententia</span> <span class='ocrx_word' id='word_1_53' title='bbox 949 912 1180 968; x_wconf 86' lang='lat' dir='ltr'>Ruhkopfii</span> <span class='ocrx_word' id='word_1_54' title='bbox 1227 905 1393 956; x_wconf 83' lang='lat' dir='ltr'>minime</span> <span class='ocrx_word' id='word_1_55' title='bbox 1435 912 1622 957; x_wconf 86' lang='lat' dir='ltr'>dubitan-</span> 
     </span>
     <span class='ocr_line' id='line_1_10' title="bbox 319 997 1619 1056; baseline 0 -13"><span class='ocrx_word' id='word_1_56' title='bbox 319 998 400 1053; x_wconf 88' lang='lat' dir='ltr'>tis,</span> <span class='ocrx_word' id='word_1_57' title='bbox 443 997 543 1053; x_wconf 87' lang='lat' dir='ltr'>quin</span> <span class='ocrx_word' id='word_1_58' title='bbox 573 998 714 1041; x_wconf 87' lang='lat' dir='ltr'>saltem</span> <span class='ocrx_word' id='word_1_59' title='bbox 770 998 849 1043; x_wconf 88' lang='lat' dir='ltr'>sub</span> <span class='ocrx_word' id='word_1_60' title='bbox 887 998 1056 1044; x_wconf 88' lang='lat' dir='ltr'>Nerone</span> <span class='ocrx_word' id='word_1_61' title='bbox 1095 999 1223 1056; x_wconf 86' lang='lat'><strong>(30)</strong></span> <span class='ocrx_word' id='word_1_62' title='bbox 1271 997 1432 1043; x_wconf 88' lang='lat' dir='ltr'>libellus</span> <span class='ocrx_word' id='word_1_63' title='bbox 1478 1008 1619 1044; x_wconf 89' lang='lat' dir='ltr'>noster</span> 
     </span>
     <span class='ocr_line' id='line_1_11' title="bbox 319 1085 1618 1140; baseline 0 -10"><span class='ocrx_word' id='word_1_64' title='bbox 319 1095 509 1130; x_wconf 87' lang='lat' dir='ltr'>exaratus</span> <span class='ocrx_word' id='word_1_65' title='bbox 551 1085 604 1130; x_wconf 88' lang='lat' dir='ltr'>sit</span> <span class='ocrx_word' id='word_1_66' title='bbox 620 1116 635 1138; x_wconf 93' lang='lat'><strong>,</strong></span> <span class='ocrx_word' id='word_1_67' title='bbox 663 1098 806 1129; x_wconf 90' lang='lat' dir='ltr'>verum</span> <span class='ocrx_word' id='word_1_68' title='bbox 844 1085 961 1129; x_wconf 90' lang='lat' dir='ltr'>etiam</span> <span class='ocrx_word' id='word_1_69' title='bbox 1003 1096 1167 1140; x_wconf 89' lang='lat' dir='ltr'>tempus</span> <span class='ocrx_word' id='word_1_70' title='bbox 1201 1086 1326 1140; x_wconf 88' lang='lat' dir='ltr'>paulo</span> <span class='ocrx_word' id='word_1_71' title='bbox 1355 1086 1505 1131; x_wconf 86' lang='lat' dir='ltr'>arctius</span> <span class='ocrx_word' id='word_1_72' title='bbox 1541 1087 1618 1130; x_wconf 80' lang='lat' dir='ltr'>cir·</span> 
     </span>
     <span class='ocr_line' id='line_1_12' title="bbox 315 1170 1614 1230; baseline 0.002 -15"><span class='ocrx_word' id='word_1_73' title='bbox 315 1171 630 1217; x_wconf 89' lang='lat' dir='ltr'>cumscribendo</span> <span class='ocrx_word' id='word_1_74' title='bbox 666 1171 865 1227; x_wconf 90' lang='lat' dir='ltr'>suspicari</span> <span class='ocrx_word' id='word_1_75' title='bbox 911 1172 1056 1227; x_wconf 83' lang='lat' dir='ltr'>liceat,</span> <span class='ocrx_word' id='word_1_76' title='bbox 1102 1170 1398 1216; x_wconf 82' lang='lat' dir='ltr'>confectionem</span> <span class='ocrx_word' id='word_1_77' title='bbox 1449 1174 1536 1230; x_wconf 89' lang='lat' dir='ltr'>ejus</span> <span class='ocrx_word' id='word_1_78' title='bbox 1572 1173 1614 1217; x_wconf 90' lang='lat' dir='ltr'>in</span> 
     </span>
     <span class='ocr_line' id='line_1_13' title="bbox 313 1258 1611 1313; baseline 0.002 -12"><span class='ocrx_word' id='word_1_79' title='bbox 313 1271 388 1301; x_wconf 80' lang='lat' dir='ltr'>sex</span> <span class='ocrx_word' id='word_1_80' title='bbox 417 1267 623 1312; x_wconf 87' lang='lat' dir='ltr'>septemve</span> <span class='ocrx_word' id='word_1_81' title='bbox 654 1268 887 1313; x_wconf 87' lang='lat' dir='ltr'>postremos</span> <span class='ocrx_word' id='word_1_82' title='bbox 912 1261 1016 1301; x_wconf 88' lang='lat' dir='ltr'>vitae</span> <span class='ocrx_word' id='word_1_83' title='bbox 1040 1258 1215 1301; x_wconf 87' lang='lat' dir='ltr'>Senecae</span> <span class='ocrx_word' id='word_1_84' title='bbox 1247 1271 1376 1302; x_wconf 86' lang='lat' dir='ltr'>annos</span> <span class='ocrx_word' id='word_1_85' title='bbox 1408 1260 1611 1304; x_wconf 88' lang='lat' dir='ltr'>incidisse.</span> 
     </span>
     <span class='ocr_line' id='line_1_14' title="bbox 313 1323 1613 1401; baseline 0.002 -16"><span class='ocrx_word' id='word_1_86' title='bbox 313 1344 487 1388; x_wconf 89' lang='lat' dir='ltr'>Videtur</span> <span class='ocrx_word' id='word_1_87' title='bbox 520 1323 601 1390; x_wconf 28' lang='lat' dir='ltr'>eos*</span> <span class='ocrx_word' id='word_1_88' title='bbox 630 1347 673 1389; x_wconf 91' lang='lat' dir='ltr'>in</span> <span class='ocrx_word' id='word_1_89' title='bbox 701 1347 789 1389; x_wconf 92' lang='lat' dir='ltr'>otio</span> <span class='ocrx_word' id='word_1_90' title='bbox 830 1345 990 1401; x_wconf 87' lang='lat' dir='ltr'>degisse</span> <span class='ocrx_word' id='word_1_91' title='bbox 1024 1346 1312 1401; x_wconf 87' lang='lat' dir='ltr'>Philosophiae</span> <span class='ocrx_word' id='word_1_92' title='bbox 1356 1347 1499 1390; x_wconf 85' lang='lat' dir='ltr'>studiis</span> <span class='ocrx_word' id='word_1_93' title='bbox 1534 1347 1613 1390; x_wconf 92' lang='lat' dir='ltr'>uti·</span> 
     </span>
    </p>
   </div>
   <div class='ocr_carea' id='block_1_3' title="bbox 307 1430 1615 1648">
    <p class='ocr_par' dir='ltr' id='par_1_4' title="bbox 307 1430 1615 1648">
     <span class='ocr_line' id='line_1_15' title="bbox 310 1430 1615 1489; baseline 0.003 -16"><span class='ocrx_word' id='word_1_94' title='bbox 310 1430 507 1486; x_wconf 86' lang='lat' dir='ltr'>libusque</span> <span class='ocrx_word' id='word_1_95' title='bbox 549 1433 661 1477; x_wconf 88' lang='lat' dir='ltr'>libris</span> <span class='ocrx_word' id='word_1_96' title='bbox 688 1431 985 1488; x_wconf 89' lang='lat' dir='ltr'>componendis</span> <span class='ocrx_word' id='word_1_97' title='bbox 1022 1431 1204 1477; x_wconf 89' lang='lat' dir='ltr'>intentus</span> <span class='ocrx_word' id='word_1_98' title='bbox 1239 1433 1390 1489; x_wconf 85' lang='lat'>(31),</span> <span class='ocrx_word' id='word_1_99' title='bbox 1420 1432 1470 1476; x_wconf 90' lang='lat' dir='ltr'>ab</span> <span class='ocrx_word' id='word_1_100' title='bbox 1493 1434 1615 1488; x_wconf 85' lang='lat' dir='ltr'>aula,</span> 
     </span>
     <span class='ocr_line' id='line_1_16' title="bbox 307 1515 1613 1574; baseline 0.004 -15"><span class='ocrx_word' id='word_1_101' title='bbox 307 1515 554 1573; x_wconf 85' lang='lat' dir='ltr'>frigescente</span> <span class='ocrx_word' id='word_1_102' title='bbox 588 1519 670 1573; x_wconf 68' lang='lat' dir='ltr'>iam</span> <span class='ocrx_word' id='word_1_103' title='bbox 711 1518 965 1571; x_wconf 88' lang='lat' dir='ltr'>aliquantum</span> <span class='ocrx_word' id='word_1_104' title='bbox 1012 1516 1193 1562; x_wconf 90' lang='lat' dir='ltr'>Neronis</span> <span class='ocrx_word' id='word_1_105' title='bbox 1231 1518 1355 1574; x_wconf 86' lang='lat' dir='ltr'>gratia</span> <span class='ocrx_word' id='word_1_106' title='bbox 1398 1519 1519 1574; x_wconf 81' lang='lat'><strong>(32)</strong></span> <span class='ocrx_word' id='word_1_107' title='bbox 1559 1519 1613 1565; x_wconf 85' lang='lat' dir='ltr'>ita</span> 
     </span>
     <span class='ocr_line' id='line_1_17' title="bbox 1543 1618 1607 1648; baseline 0 0"><span class='ocrx_word' id='word_1_108' title='bbox 1543 1618 1607 1648; x_wconf 84' lang='lat' dir='ltr'>re·</span> 
     </span>
    </p>
   </div>
   <div class='ocr_carea' id='block_1_4' title="bbox 301 1727 1617 1913">
    <p class='ocr_par' dir='ltr' id='par_1_5' title="bbox 301 1727 1617 1913">
     <span class='ocr_line' id='line_1_18' title="bbox 353 1727 1617 1782; baseline 0.002 -14"><span class='ocrx_word' id='word_1_109' title='bbox 353 1727 439 1782; x_wconf 81' lang='lat'>(29</span> <span class='ocrx_word' id='word_1_110' title='bbox 463 1727 486 1779; x_wconf 89' lang='lat'>)</span> <span class='ocrx_word' id='word_1_111' title='bbox 513 1729 686 1779; x_wconf 78' lang='lat' dir='ltr'>Collegit</span> <span class='ocrx_word' id='word_1_112' title='bbox 722 1730 800 1769; x_wconf 88' lang='lat' dir='ltr'>hoc</span> <span class='ocrx_word' id='word_1_113' title='bbox 834 1730 950 1770; x_wconf 90' lang='lat' dir='ltr'>Ruh</span> <span class='ocrx_word' id='word_1_114' title='bbox 969 1731 1005 1770; x_wconf 87' lang='lat' dir='ltr'>k.</span> <span class='ocrx_word' id='word_1_115' title='bbox 1042 1742 1064 1771; x_wconf 88' lang='lat' dir='ltr'>e</span> <span class='ocrx_word' id='word_1_116' title='bbox 1102 1732 1373 1779; x_wconf 71' lang='lat' dir='ltr'>Pompeiorum</span> <span class='ocrx_word' id='word_1_117' title='bbox 1405 1732 1617 1772; x_wconf 79' lang='lat' dir='ltr'>calamitate</span> 
     </span>
     <span class='ocr_line' id='line_1_19' title="bbox 301 1795 756 1833; baseline -0.002 0"><span class='ocrx_word' id='word_1_118' title='bbox 301 1805 447 1833; x_wconf 82' lang='lat' dir='ltr'>narrata</span> <span class='ocrx_word' id='word_1_119' title='bbox 481 1795 528 1832; x_wconf 91' lang='lat' dir='ltr'>L.</span> <span class='ocrx_word' id='word_1_120' title='bbox 553 1798 619 1832; x_wconf 84' lang='lat' dir='ltr'>Vl.</span> <span class='ocrx_word' id='word_1_121' title='bbox 652 1808 686 1833; x_wconf 88' lang='lat' dir='ltr'>c.</span> <span class='ocrx_word' id='word_1_122' title='bbox 723 1807 756 1833; x_wconf 91' lang='lat'>1.</span> 
     </span>
     <span class='ocr_line' id='line_1_20' title="bbox 349 1858 1617 1913; baseline 0.002 -15"><span class='ocrx_word' id='word_1_123' title='bbox 349 1858 471 1913; x_wconf 88' lang='lat'><strong>(30)</strong></span> <span class='ocrx_word' id='word_1_124' title='bbox 503 1862 563 1899; x_wconf 82' lang='lat' dir='ltr'>Fa</span> <span class='ocrx_word' id='word_1_125' title='bbox 579 1860 709 1899; x_wconf 88' lang='lat' dir='ltr'>bric.</span> <span class='ocrx_word' id='word_1_126' title='bbox 740 1869 902 1908; x_wconf 79' lang='lat' dir='ltr'>quoque</span> <span class='ocrx_word' id='word_1_127' title='bbox 921 1859 1023 1897; x_wconf 83' lang='lat' dir='ltr'>Bibl.</span> <span class='ocrx_word' id='word_1_128' title='bbox 1047 1859 1139 1898; x_wconf 83' lang='lat' dir='ltr'>Lat.</span> <span class='ocrx_word' id='word_1_129' title='bbox 1161 1869 1205 1910; x_wconf 90' lang='lat' dir='ltr'>p.</span> <span class='ocrx_word' id='word_1_130' title='bbox 1231 1872 1299 1909; x_wconf 85' lang='lat'>105</span> <span class='ocrx_word' id='word_1_131' title='bbox 1322 1861 1506 1910; x_wconf 88' lang='lat' dir='ltr'>scriptum</span> <span class='ocrx_word' id='word_1_132' title='bbox 1532 1871 1617 1902; x_wconf 85' lang='lat' dir='ltr'>esse</span> 
     </span>
    </p>
   </div>
   <div class='ocr_carea' id='block_1_5' title="bbox 295 1925 1615 2040">
    <p class='ocr_par' dir='ltr' id='par_1_6' title="bbox 295 1925 1615 2040">
     <span class='ocr_line' id='line_1_21' title="bbox 295 1925 1107 1975; baseline 0.001 -8"><span class='ocrx_word' id='word_1_133' title='bbox 295 1926 430 1967; x_wconf 81' lang='lat' dir='ltr'>statuit</span> <span class='ocrx_word' id='word_1_134' title='bbox 466 1926 563 1975; x_wconf 88' lang='lat' dir='ltr'>Imp.</span> <span class='ocrx_word' id='word_1_135' title='bbox 598 1925 768 1965; x_wconf 88' lang='lat' dir='ltr'>Claudio</span> <span class='ocrx_word' id='word_1_136' title='bbox 793 1927 873 1972; x_wconf 78' lang='lat' dir='ltr'>iam</span> <span class='ocrx_word' id='word_1_137' title='bbox 898 1925 1107 1969; x_wconf 83' lang='lat' dir='ltr'>defuncto.</span> 
     </span>
     <span class='ocr_line' id='line_1_22' title="bbox 349 1989 1615 2040; baseline -0.001 -11"><span class='ocrx_word' id='word_1_138' title='bbox 349 1989 471 2040; x_wconf 84' lang='lat'>(31)</span> <span class='ocrx_word' id='word_1_139' title='bbox 510 1991 615 2028; x_wconf 87' lang='lat' dir='ltr'>Libri</span> <span class='ocrx_word' id='word_1_140' title='bbox 651 2000 812 2037; x_wconf 82' lang='lat' dir='ltr'>quoque</span> <span class='ocrx_word' id='word_1_141' title='bbox 854 1990 901 2026; x_wconf 82' lang='lat' dir='ltr'>de</span> <span class='ocrx_word' id='word_1_142' title='bbox 944 1992 1030 2027; x_wconf 84' lang='lat' dir='ltr'>Otio</span> <span class='ocrx_word' id='word_1_143' title='bbox 1076 1993 1280 2037; x_wconf 75' lang='lat' dir='ltr'>sapientis,</span> <span class='ocrx_word' id='word_1_144' title='bbox 1329 1991 1375 2027; x_wconf 88' lang='lat' dir='ltr'>de</span> <span class='ocrx_word' id='word_1_145' title='bbox 1408 1992 1615 2029; x_wconf 74' lang='lat' dir='ltr'>Brevitate</span> 
     </span>
    </p>
   </div>
   <div class='ocr_carea' id='block_1_6' title="bbox 295 2052 1615 2169">
    <p class='ocr_par' dir='ltr' id='par_1_7' title="bbox 295 2052 1615 2169">
     <span class='ocr_line' id='line_1_23' title="bbox 295 2052 1615 2106; baseline -0.001 -11"><span class='ocrx_word' id='word_1_146' title='bbox 295 2057 430 2102; x_wconf 67' lang='lat' dir='ltr'>vitae,</span> <span class='ocrx_word' id='word_1_147' title='bbox 475 2053 520 2093; x_wconf 84' lang='lat' dir='ltr'>de</span> <span class='ocrx_word' id='word_1_148' title='bbox 556 2055 643 2092; x_wconf 76' lang='lat' dir='ltr'>vita</span> <span class='ocrx_word' id='word_1_149' title='bbox 684 2052 802 2092; x_wconf 84' lang='lat' dir='ltr'>beata</span> <span class='ocrx_word' id='word_1_150' title='bbox 844 2054 1053 2093; x_wconf 86' lang='lat' dir='ltr'>commode</span> <span class='ocrx_word' id='word_1_151' title='bbox 1094 2053 1141 2094; x_wconf 75' lang='lat' dir='ltr'>ad</span> <span class='ocrx_word' id='word_1_152' title='bbox 1177 2055 1254 2096; x_wconf 89' lang='lat' dir='ltr'>hoc</span> <span class='ocrx_word' id='word_1_153' title='bbox 1296 2066 1447 2106; x_wconf 86' lang='lat' dir='ltr'>tempus</span> <span class='ocrx_word' id='word_1_154' title='bbox 1480 2056 1615 2096; x_wconf 84' lang='lat' dir='ltr'>referri</span> 
     </span>
     <span class='ocr_line' id='line_1_24' title="bbox 299 2119 777 2169; baseline -0.002 -11"><span class='ocrx_word' id='word_1_155' title='bbox 299 2130 420 2169; x_wconf 90' lang='lat' dir='ltr'>posse</span> <span class='ocrx_word' id='word_1_156' title='bbox 454 2120 548 2156; x_wconf 87' lang='lat' dir='ltr'>mihi</span> <span class='ocrx_word' id='word_1_157' title='bbox 581 2119 777 2157; x_wconf 85' lang='lat' dir='ltr'>videntur.</span> 
     </span>
    </p>
   </div>
   <div class='ocr_carea' id='block_1_7' title="bbox 293 2182 1611 2630">
    <p class='ocr_par' dir='ltr' id='par_1_8' title="bbox 293 2182 1611 2630">
     <span class='ocr_line' id='line_1_25' title="bbox 346 2182 1609 2239; baseline 0.002 -15"><span class='ocrx_word' id='word_1_158' title='bbox 346 2183 466 2237; x_wconf 83' lang='lat'>(32)</span> <span class='ocrx_word' id='word_1_159' title='bbox 493 2183 673 2232; x_wconf 76' lang='lat' dir='ltr'>conjecit</span> <span class='ocrx_word' id='word_1_160' title='bbox 697 2183 775 2224; x_wconf 88' lang='lat' dir='ltr'>hoc</span> <span class='ocrx_word' id='word_1_161' title='bbox 796 2183 1060 2236; x_wconf 85' lang='lat' dir='ltr'>Ruhkopf.</span> <span class='ocrx_word' id='word_1_162' title='bbox 1084 2183 1251 2239; x_wconf 76' lang='lat' dir='ltr'>(Praefi</span> <span class='ocrx_word' id='word_1_163' title='bbox 1273 2188 1369 2230; x_wconf 85' lang='lat' dir='ltr'>Tom.</span> <span class='ocrx_word' id='word_1_164' title='bbox 1393 2200 1428 2237; x_wconf 88' lang='lat'>4.</span> <span class='ocrx_word' id='word_1_165' title='bbox 1442 2194 1484 2238; x_wconf 83' lang='lat' dir='ltr'>p.</span> <span class='ocrx_word' id='word_1_166' title='bbox 1506 2182 1609 2238; x_wconf 85' lang='lat' dir='ltr'>XI.)</span> 
     </span>
     <span class='ocr_line' id='line_1_26' title="bbox 297 2249 1610 2297; baseline 0.001 -10"><span class='ocrx_word' id='word_1_167' title='bbox 297 2261 321 2288; x_wconf 83' lang='lat' dir='ltr'>e</span> <span class='ocrx_word' id='word_1_168' title='bbox 355 2251 460 2287; x_wconf 90' lang='lat' dir='ltr'>libris</span> <span class='ocrx_word' id='word_1_169' title='bbox 494 2251 539 2286; x_wconf 85' lang='lat' dir='ltr'>de</span> <span class='ocrx_word' id='word_1_170' title='bbox 564 2249 697 2295; x_wconf 75' lang='lat' dir='ltr'>Bcnef.</span> <span class='ocrx_word' id='word_1_171' title='bbox 728 2251 796 2287; x_wconf 87' lang='lat' dir='ltr'>ubi</span> <span class='ocrx_word' id='word_1_172' title='bbox 826 2262 1010 2297; x_wconf 84' lang='lat' dir='ltr'>nusquam</span> <span class='ocrx_word' id='word_1_173' title='bbox 1034 2254 1206 2290; x_wconf 83' lang='lat' dir='ltr'>Neronis</span> <span class='ocrx_word' id='word_1_174' title='bbox 1230 2254 1461 2290; x_wconf 84' lang='lat' dir='ltr'>mentionem</span> <span class='ocrx_word' id='word_1_175' title='bbox 1498 2253 1610 2288; x_wconf 86' lang='lat' dir='ltr'>fece-</span> 
     </span>
     <span class='ocr_line' id='line_1_27' title="bbox 295 2314 1611 2368; baseline 0 -13"><span class='ocrx_word' id='word_1_176' title='bbox 295 2314 375 2363; x_wconf 80' lang='lat' dir='ltr'>rit,</span> <span class='ocrx_word' id='word_1_177' title='bbox 412 2326 577 2366; x_wconf 85' lang='lat' dir='ltr'>eumque</span> <span class='ocrx_word' id='word_1_178' title='bbox 608 2326 798 2366; x_wconf 81' lang='lat' dir='ltr'>tamquam</span> <span class='ocrx_word' id='word_1_179' title='bbox 850 2317 1044 2366; x_wconf 85' lang='lat' dir='ltr'>ingratum·</span> <span class='ocrx_word' id='word_1_180' title='bbox 1075 2329 1162 2367; x_wconf 79' lang='lat' dir='ltr'>erga</span> <span class='ocrx_word' id='word_1_181' title='bbox 1203 2328 1492 2368; x_wconf 85' lang='lat' dir='ltr'>praeceptorem</span> <span class='ocrx_word' id='word_1_182' title='bbox 1523 2316 1611 2356; x_wconf 90' lang='lat' dir='ltr'>teti-</span> 
     </span>
     <span class='ocr_line' id='line_1_28' title="bbox 295 2381 1608 2432; baseline 0 -14"><span class='ocrx_word' id='word_1_183' title='bbox 295 2381 397 2428; x_wconf 85' lang='lat' dir='ltr'>gerit</span> <span class='ocrx_word' id='word_1_184' title='bbox 427 2382 473 2419; x_wconf 91' lang='lat' dir='ltr'>L.</span> <span class='ocrx_word' id='word_1_185' title='bbox 506 2385 577 2419; x_wconf 88' lang='lat'>111.</span> <span class='ocrx_word' id='word_1_186' title='bbox 612 2395 645 2420; x_wconf 91' lang='lat' dir='ltr'>c.</span> <span class='ocrx_word' id='word_1_187' title='bbox 672 2393 712 2429; x_wconf 89' lang='lat'>3.</span> <span class='ocrx_word' id='word_1_188' title='bbox 733 2396 763 2420; x_wconf 86' lang='lat' dir='ltr'>c.</span> <span class='ocrx_word' id='word_1_189' title='bbox 801 2394 860 2429; x_wconf 82' lang='lat'>17,</span> <span class='ocrx_word' id='word_1_190' title='bbox 894 2383 938 2420; x_wconf 91' lang='lat' dir='ltr'>L.</span> <span class='ocrx_word' id='word_1_191' title='bbox 967 2387 1035 2421; x_wconf 87' lang='lat' dir='ltr'>VI.</span> <span class='ocrx_word' id='word_1_192' title='bbox 1059 2397 1090 2421; x_wconf 86' lang='lat' dir='ltr'>c.</span> <span class='ocrx_word' id='word_1_193' title='bbox 1126 2396 1187 2429; x_wconf 79' lang='lat'>¹⁵·</span> <span class='ocrx_word' id='word_1_194' title='bbox 1209 2395 1306 2432; x_wconf 83' lang='lat' dir='ltr'>quae</span> <span class='ocrx_word' id='word_1_195' title='bbox 1328 2385 1551 2430; x_wconf 76' lang='lat' dir='ltr'>conjectura</span> <span class='ocrx_word' id='word_1_196' title='bbox 1577 2383 1608 2422; x_wconf 86' lang='lat' dir='ltr'>si</span> 
     </span>
     <span class='ocr_line' id='line_1_29' title="bbox 293 2448 1609 2500; baseline -0.001 -12"><span class='ocrx_word' id='word_1_197' title='bbox 293 2457 385 2488; x_wconf 84' lang='lat' dir='ltr'>vera</span> <span class='ocrx_word' id='word_1_198' title='bbox 418 2448 488 2495; x_wconf 88' lang='lat' dir='ltr'>sit,</span> <span class='ocrx_word' id='word_1_199' title='bbox 525 2449 598 2498; x_wconf 84' lang='lat' dir='ltr'>jam</span> <span class='ocrx_word' id='word_1_200' title='bbox 635 2451 752 2498; x_wconf 80' lang='lat' dir='ltr'>paulo</span> <span class='ocrx_word' id='word_1_201' title='bbox 781 2449 885 2497; x_wconf 90' lang='lat' dir='ltr'>prius</span> <span class='ocrx_word' id='word_1_202' title='bbox 919 2449 1092 2487; x_wconf 85' lang='lat' dir='ltr'>imminui</span> <span class='ocrx_word' id='word_1_203' title='bbox 1126 2451 1259 2500; x_wconf 87' lang='lat' dir='ltr'>coepit</span> <span class='ocrx_word' id='word_1_204' title='bbox 1291 2451 1356 2489; x_wconf 92' lang='lat' dir='ltr'>ille</span> <span class='ocrx_word' id='word_1_205' title='bbox 1390 2450 1522 2496; x_wconf 79' lang='lat' dir='ltr'>favor3</span> <span class='ocrx_word' id='word_1_206' title='bbox 1559 2448 1609 2487; x_wconf 87' lang='lat' dir='ltr'>si-</span> 
     </span>
     <span class='ocr_line' id='line_1_30' title="bbox 295 2512 1608 2564; baseline 0.003 -16"><span class='ocrx_word' id='word_1_207' title='bbox 295 2512 454 2560; x_wconf 88' lang='lat' dir='ltr'>quidem</span> <span class='ocrx_word' id='word_1_208' title='bbox 501 2515 585 2551; x_wconf 84' lang='lat' dir='ltr'>libri</span> <span class='ocrx_word' id='word_1_209' title='bbox 620 2514 664 2550; x_wconf 86' lang='lat' dir='ltr'>de</span> <span class='ocrx_word' id='word_1_210' title='bbox 701 2512 837 2562; x_wconf 79' lang='lat' dir='ltr'>Benef.</span> <span class='ocrx_word' id='word_1_211' title='bbox 879 2523 962 2550; x_wconf 81' lang='lat' dir='ltr'>ante</span> <span class='ocrx_word' id='word_1_212' title='bbox 995 2514 1189 2562; x_wconf 87' lang='lat' dir='ltr'>Epistolas</span> <span class='ocrx_word' id='word_1_213' title='bbox 1223 2515 1358 2564; x_wconf 86' lang='lat' dir='ltr'>scripti</span> <span class='ocrx_word' id='word_1_214' title='bbox 1405 2523 1518 2561; x_wconf 85' lang='lat' dir='ltr'>sunt,</span> <span class='ocrx_word' id='word_1_215' title='bbox 1568 2515 1608 2557; x_wconf 86' lang='lat' dir='ltr'>in</span> 
     </span>
     <span class='ocr_line' id='line_1_31' title="bbox 293 2579 1179 2630; baseline 0.001 -13"><span class='ocrx_word' id='word_1_216' title='bbox 293 2586 452 2630; x_wconf 83' lang='lat' dir='ltr'>quarum</span> <span class='ocrx_word' id='word_1_217' title='bbox 486 2579 725 2627; x_wconf 84' lang='lat' dir='ltr'>octogesima</span> <span class='ocrx_word' id='word_1_218' title='bbox 751 2579 871 2629; x_wconf 83' lang='lat' dir='ltr'>prima</span> <span class='ocrx_word' id='word_1_219' title='bbox 913 2589 1179 2620; x_wconf 82' lang='lat' dir='ltr'>memorantur.</span> 
     </span>
    </p>
   </div>
  </div>
 </body>
</html>
