1970 3267
855 233 1022 273 Ξ
1524 233 1577 279 61

347 374 462 407 mum
491 361 729 413 nimique,
773 364 820 401 ut
858 356 913 401 ita
953 357 1113 414 dicam,
1147 360 1347 417 militare,
1393 371 1434 406 et
1465 363 1581 407 edere

347 456 511 502 operas.
550 444 644 488 Hoc
683 450 747 486 est
784 441 1043 496 propositum
1085 445 1178 490 Deo
1198 478 1213 501 ,
1257 447 1370 502 quod
1412 447 1586 504 sapienti

348 533 440 578 viro
453 565 470 586 ‚
493 532 708 577 ostendere
732 530 828 575 haec
844 560 861 584 ,
881 543 985 585 quae
1012 532 1160 586 vulgus
1184 533 1339 588 appetit
1357 566 1373 588 ,
1386 547 1491 588 quae
1518 548 1585 579 re·

356 616 575 672 formidat,-
602 627 676 661 nec
698 615 806 662 bona
818 630 937 683 esse,
968 628 1043 662 nec
1067 618 1198 662 mala:
1229 617 1485 675 apparebunt
1513 632 1588 664 au·

349 714 432 748 tem
467 703 577 747 bona
609 714 729 756 esse,
760 703 795 746 si
823 703 888 747 illa
919 714 1006 746 non
1034 702 1119 747 ,nisi
1152 703 1272 746 bonis
1303 701 1404 746 viris
1435 701 1592 746 tribue·

351 789 434 844 rit3
487 798 529 833 et
547 788 679 833 -mala
722 800 841 841 esse,
893 787 929 830 si
973 787 1092 837 malis*
1128 797 1285 832 mutum
1334 789 1587 845 irrogaverit.

354 873 616 921 Detestabilis
650 874 726 918 erit
757 874 927 920 caecitas
941 904 955 925 ,
995 873 1030 917 si
1060 885 1181 918 nemo
1221 876 1367 920 oculos
1404 874 1591 930 perdide-

354 962 427 1017 rit,
463 961 540 1006 nisi
572 959 638 1004 cui
660 959 825 1003 eruendi
856 969 970 1003 sunt.
1032 959 1175 1012 Itaque
1196 961 1475 1005 careant-luce
1500 962 1590 1017 Ap-

294 1065 329 1095 -2
357 1051 451 1105 pius
476 1057 516 1091 et
542 1048 757 1092 Metellus.
789 1045 891 1089 Non
934 1054 1031 1088 sunt
1054 1044 1216 1089 divitiae
1247 1047 1424 1091 bonum·
1451 1047 1591 1102 Itaque

358 1136 505 1179 habeat
537 1134 623 1177 illas
662 1143 702 1176 et
730 1131 864 1177 Ellius
911 1131 1004 1173 leno
1021 1139 1038 1173 τ’
1079 1141 1125 1174 ut
1158 1132 1347 1177 homines
1381 1134 1593 1187 pecuniam

357 1235 452 1266 cum
473 1220 513 1264 in
542 1218 702 1273 templis
724 1216 1050 1262 consecraverint
1064 1248 1080 1270 ,
1109 1216 1270 1261 videant
1294 1229 1334 1262 et
1357 1218 1397 1263 in
1419 1218 1594 1264 fornice.

357 1309 488 1353 Nullo
529 1306 653 1350 modo
689 1304 816 1361 magis
856 1312 994 1364 potest
1025 1304 1142 1349 Deus
1172 1305 1389 1361 concupita
1415 1306 1597 1351 traduce-

364 1407 438 1448 re,
469 1405 588 1448 quam
630 1391 666 1434 si
697 1391 762 1434 illa
785 1390 836 1433 ad
871 1389 1129 1443 turpissimos
1158 1390 1315 1445 defert,
1345 1392 1396 1435 ab
1428 1391 1594 1447 optimis

359 1481 502 1536 abigit.
564 1509 591 1531 ,‚
611 1479 668 1521 At
688 1477 870 1532 iniquum
895 1486 983 1530 est,
1015 1476 1170 1521 bonum
1196 1478 1329 1522 virum
1365 1477 1592 1531 debilitari,

349 1556 394 1621 ζ,
422 1575 492 1610 aut
515 1564 691 1620 configi,
721 1573 790 1607 aut
823 1562 1009 1618 alligari3
1054 1564 1182 1606 malos
1212 1564 1378 1619 integris
1414 1564 1599 1617 corpori·

311 1668 334 1709 3
368 1683 396 1706 „
421 1653 502 1696 bus
534 1652 694 1696 solutos
719 1663 764 1693 ac
794 1649 985 1692 delicatos
1007 1648 1240 1691 incedere.''
1297 1649 1409 1706 Quid
1438 1651 1598 1704 porro?

364 1752 449 1783 non
482 1748 543 1782 est
579 1737 795 1790 iniquum,
829 1734 958 1778 fortes
982 1735 1092 1777 viros
1115 1748 1223 1778 arma
1255 1748 1445 1790 sumere,
1488 1747 1528 1780 et
1559 1736 1600 1780 in

365 1824 506 1869 castris
542 1831 807 1878 pernoctare,
842 1831 882 1864 et
911 1834 988 1875 pro
1021 1821 1128 1865 vallo
1155 1822 1343 1877 obligatis
1377 1833 1482 1866 stare
1512 1825 1603 1867 vul-

364 1895 558 1955 neribus:
591 1909 747 1953 interim
784 1909 826 1951 in
860 1908 960 1952 urbe
984 1922 1152 1953 securos
1190 1923 1309 1962 esse,
1341 1910 1524 1963 percisos
1563 1920 1605 1953 et

364 1996 576 2055 professos
606 1980 925 2051 impudicitiam?
967 1994 1079 2052 Quid
1113 1977 1274 2050 porro?
1314 2006 1399 2037 non
1436 2005 1499 2039 est
1530 1995 1606 2037 ini-

1462 2096 1609 2137 quum·

355 2172 487 2223 Quod,
513 2170 620 2220 quasi
645 2178 745 2209 esset
777 2177 847 2215 ut,
882 2168 1121 2207 intellexisse
1146 2169 1299 2208 videtur
1320 2170 1520 2218 librarius,
1548 2171 1613 2221 qui

303 2239 343 2277 in
375 2237 485 2277 Fabr.
517 2236 651 2286 posuit
681 2233 781 2284 quod
809 2241 888 2283 sap.
922 2235 1006 2272 viro
1038 2234 1263 2275 ostenderet.

278 2332 282 2335 -
353 2303 526 2349 Refhrm.
555 2302 662 2339 Idem
688 2298 897 2348 fhrmidat.

356 2380 393 2406 n.
421 2365 488 2405 Ad
504 2373 609 2415 turp.
634 2364 742 2404 Idem
767 2365 1007 2415 turpissimus
1030 2366 1114 2403 sine
1131 2363 1198 2404 ad.
1222 2368 1272 2405 Et
1295 2375 1387 2405 mox
1409 2368 1539 2406 virum
1557 2366 1618 2406 bo-

301 2442 392 2469 nnm
414 2441 487 2478 pro
519 2431 653 2468 bonum
688 2433 834 2468 virum.

353 2494 503 2545 configi·
530 2487 582 2533 ⁴in
623 2505 742 2534 cruce
781 2494 921 2539 οῐινίς,
962 2501 1005 2531 ut
1053 2493 1162 2543 Lips.
1208 2494 1379 2542 explicat
1420 2495 1617 2544 probante

302 2560 545 2610 Ruhkopfio.
578 2561 732 2601 Schott.
762 2562 997 2608 constringi,
1032 2560 1139 2607 quod
1181 2569 1229 2597 ex
1265 2559 1423 2607 ingenio
1463 2559 1608 2599 Mureti

305 2623 465 2664 fluxisse
496 2634 608 2675 putat
642 2625 751 2675 Lifs.
795 2628 886 2664 Aru.
914 2621 1121 2672 confringi.
