1970 3267
864 174 1030 215 Ξ
1524 181 1583 226 4³

348 304 561 366 repetitur.
642 297 797 358 Quidni
863 298 1033 342 libenter
1086 307 1314 355 spectarent
1360 300 1577 348 ‘alumnum

344 404 493 443 suum,
535 397 616 431 tam
654 385 765 431 claro
800 396 849 429 ac
874 386 1122 430 memorabili
1161 388 1270 432 exitu
1304 388 1575 434 evadentem?

236 452 266 520 x.
340 488 451 522 mors
497 473 590 518 illos
639 480 850 517 consecrat
864 504 880 528 ,
921 485 1097 527 quorum
1135 475 1288 520 exitum
1323 485 1363 520 et
1410 476 1482 532 qui
1517 476 1568 521 ti-

335 570 473 616 ment,
502 559 685 604 laudant.

391 647 468 692 111.
497 647 578 692 Sed
599 646 676 689 iam
703 640 945 701 procedente
971 644 1156 691 oratione
1179 645 1389 689 ostendam
1404 676 1419 699 ,
1446 657 1570 701 quam

333 745 419 780 non
452 732 534 778 'sint
552 767 567 789 ‚
599 748 701 790 quae
727 735 912 780 videntur
930 767 946 791 ‚
977 734 1098 779 mala.
1157 732 1287 778 Nunc
1324 734 1426 779 inud
1448 734 1569 789 dico,

330 822 408 865 ista
442 834 545 876 quae
586 832 631 866 tu
667 834 789 866 vocas
829 836 999 878 aspera,
1039 834 1143 877 quae
1188 822 1354 867 adversa
1390 831 1431 866 et
1469 823 1568 867 abo·

330 909 545 962 minanda,
574 909 752 963 primum
777 921 855 963 pro
888 910 989 964 ipsis
1013 923 1132 964 esse,
1170 908 1323 963 quibus
1344 909 1561 964 accidunt3

331 993 477 1038 deinde
526 1004 604 1048 pro
657 993 859 1039 universis
875 1023 892 1047 ,
936 1005 1114 1048 quorum
1164 993 1293 1039 maior
1332 993 1427 1039 Diis
1466 1006 1566 1038 cura

329 1089 421 1134 est,
461 1091 584 1133 quam
619 1079 876 1135 singulorum
901 1091 913 1123 z
952 1088 1049 1134 post
1086 1079 1208 1132 haec,
1243 1079 1477 1125 volentibus
1500 1090 1567 1124 ac·

325 1165 482 1220 cidere3
516 1178 562 1208 ac
600 1165 745 1220 dignos
787 1166 894 1209 malo
924 1178 1044 1219 esse,
1088 1166 1125 1209 si
1156 1166 1301 1210 nolint.
1361 1165 1441 1211 His
1467 1166 1565 1210 adii-

326 1252 428 1297 ciam
444 1283 460 1306 ,
499 1250 584 1296 fato
622 1251 700 1297 ista
731 1250 818 1297 fieri
832 1284 848 1307 ,
889 1260 929 1296 et
973 1261 1084 1297 recte
1131 1252 1269 1297 eadem
1309 1252 1398 1310 lege
1439 1250 1562 1297 bonis

325 1338 515 1393 evenire,
552 1340 634 1393 qua
665 1347 764 1383 sunt
802 1337 928 1382 boni:
964 1338 1219 1393 persuadebo
1251 1339 1345 1383 inde
1371 1338 1472 1395 tibi,
1504 1351 1558 1383 ne

321 1437 503 1480 unquam
538 1425 637 1469 boni
684 1425 760 1469 viri
794 1426 1030 1470 miserearis.
1101 1436 1238 1481 potest
1281 1427 1387 1470 enim
1434 1426 1556 1470 miser

266 1522 295 1557 2
323 1510 430 1566 dici,
466 1522 551 1555 non
585 1519 722 1566 potest
755 1523 864 1555 esse.
922 1509 1241 1562 Difficillimum,
1280 1522 1330 1552 ex
1364 1509 1557 1552 omnibus

323 1610 428 1652 quae
469 1598 669 1652 proposui
684 1628 700 1650 ‚
747 1596 906 1641 videtur
942 1596 1056 1649 quod
1105 1595 1285 1649 primum
1329 1594 1434 1637 dixi:
1477 1606 1555 1649 pro

317 1683 421 1740 ipsis
456 1696 573 1740 esse,
614 1683 766 1739 quibus
806 1682 1027 1736 eveniunt,
1063 1681 1168 1736 ista,
1203 1693 1306 1735 quae
1337 1681 1554 1725 horremus

1510 1778 1560 1811 ac

252 1936 530 1984 tmmtmitur,
564 1942 608 1974 ut
656 1933 770 1974 habet
802 1942 841 1974 et
875 1931 969 1974 Aru.
1002 1939 1041 1971 et
1071 1928 1174 1971 Cod.
1205 1929 1322 1970 Voss.
1374 1927 1475 1970 Illud
1504 1937 1559 1969 tt·

252 2008 341 2037 men
371 2007 522 2037 exstare
555 1998 710 2036 videtur
744 2002 783 2035 in
828 1995 977 2036 Fabric-
1013 1996 1081 2034 sed
1123 1997 1221 2033 linea
1252 1997 1395 2044 primae
1423 1995 1557 2035 literne

251 2063 522 2114 superposita,
568 2048 706 2103 i'm'tur.

299 2132 355 2169 Ee
387 2132 468 2179 qus·-
504 2129 597 2168 Aru.
631 2137 673 2167 et
703 2132 819 2167 voss.
852 2131 971 2166 etiam
1002 2130 1085 2175 qui.

678 2196 709 2232 C
736 2194 771 2233 A
797 2197 824 2233 P
852 2193 889 2232 U
916 2193 953 2232 T
1032 2191 1129 2233 111.

299 2259 406 2299 Cura
441 2267 506 2306 et,
540 2268 656 2309 quant
685 2259 927 2308 singulorum.
970 2260 1088 2298 Voss.
1125 2267 1225 2297 cura
1240 2284 1254 2305 ,
1289 2268 1403 2307 quam
1435 2260 1563 2307 singu-

250 2322 371 2365 lorum
404 2334 477 2366 est.

295 2390 403 2430 Fieri
433 2398 488 2431 et.
526 2394 644 2432 voss.
674 2395 741 2432 εἰσ.
782 2390 932 2436 Ριῑιῐῖο.
960 2394 1014 2431 stc
1045 2394 1095 2432 et.
1127 2390 1279 2432 Schott.
1311 2390 1441 2431 mulsit
1474 2398 1527 2431 et.

296 2455 397 2495 Sunt
424 2456 525 2499 bont.
574 2461 693 2499 Voss.
720 2457 808 2498 bont
836 2464 939 2497 sunt.

297 2520 546 2563 Persuadebo.
596 2523 704 2563 Idem
728 2521 956 2573 persuadeo.

300 2593 337 2624 ι.
387 2584 498 2635 Quod
520 2589 687 2639 primum
719 2585 817 2639 ὀιζυῖ,
839 2586 993 2692 Δωέιηι
1025 2587 1120 2629 haec
1150 2588 1196 2628 ab
1218 2589 1312 2629 Am.
1335 2586 1527 2629 editione.

964 2663 989 2691 α
1462 2651 1548 2689 Tre·
