1970 3267
341 199 419 248 ⁸:28
916 211 1093 253 ,Ξ

367 334 481 389 quod
514 333 647 386 ipsum
683 341 723 375 et
756 346 779 376 a
806 331 971 377 dt‘obus
1003 333 1066 377 his
1094 333 1217 378 codi.
1251 334 1391 385 abest,
1418 332 1524 378 unde
1555 343 1654 379 con·

361 422 481 477 jicere
501 419 637 471 possis
668 419 836 460 alterum
873 418 913 460 in
939 419 1134 472 Hispania
1160 419 1277 471 (vid.
1298 433 1341 473 p.
1361 420 1449 475 23)
1487 433 1507 461 a
1534 418 1650 462 Pin·

362 505 526 547 ciano
562 504 753 547 collatum
788 517 878 546 esse
899 535 914 555 ‚
951 504 1150 548 Bruxellis
1184 506 1278 548 olim
1313 507 1479 548 alterum
1512 504 1656 550 fuisse.

366 589 451 633 Sed
486 590 733 633 haecvalde
765 590 885 632 dubia
920 600 1047 643 sunt;
1080 591 1179 635 illud
1206 591 1383 643 certius,
1423 592 1463 633 in
1484 601 1662 646 utroque

361 675 486 720 Msto
521 678 737 719 nonnullas
769 675 936 717 inveniri
971 676 1187 727 lectiones,
1224 689 1356 729 neque
1385 678 1657 730 spernendas,

368 772 417 805 nt
447 761 638 813 videtur,
680 773 812 813 neque
852 761 892 802 in
931 759 1009 802 ulia
1050 773 1184 802 earum
1224 761 1415 814 quidem,
1457 774 1557 814 quas
1591 761 1659 804 ad·

367 846 511 898 hibui,
552 846 772 888 editionum
810 854 1067 888 memoratas.
1127 845 1390 888 Editionibus
1432 846 1494 887 his
1532 858 1657 888 annu-

368 933 509 975 merari
552 946 718 986 quoque
760 943 897 986 potest
930 932 1097 985 antiqua
1129 934 1320 986 quaedam
1356 943 1395 974 et
1431 933 1554 975 rarior
1587 933 1662 974 im-

367 1031 510 1073 pressa
547 1017 711 1073 Lipsiae
747 1031 820 1073 per
855 1018 1160 1063 Arnoldum
1197 1019 1257 1060 de
1296 1018 1538 1061 Colonia
1574 1019 1659 1060 ΑΟ.

375 1114 511 1166 1495,
565 1117 585 1144 e
635 1116 715 1156 qua
755 1104 1005 1156 potissimam
1039 1103 1224 1145 lectionis
1257 1104 1482 1145 varietatem
1520 1113 1660 1146 nactus

370 1201 463 1234 sum
506 1198 733 1241 excerptam
770 1188 811 1230 iu
849 1187 1194 1231 Mulleriani
1244 1189 1292 1230 de
1331 1189 1537 1232 Sallustio
1560 1190 1662 1243 (ι)

371 1272 495 1315 libelli
528 1272 766 1326 appendice.
827 1273 1014 1325 Denique
1040 1272 1299 1314 Pinciani
1338 1284 1455 1315 notas
1482 1275 1665 1326 excerpsi

371 1372 422 1400 ex
456 1358 630 1400 editione
664 1358 840 1399 Parisina
879 1359 977 1410 (α)
1009 1371 1110 1409 quae
1147 1372 1238 1400 cum
1281 1359 1389 1401 notis
1431 1359 1666 1412 Mureti,

372 1443 406 1487 F
419 1442 479 1487 ab
494 1442 535 1487 ri
558 1442 813 1497 aliorumque
837 1443 1059 1487 multorum
1086 1441 1180 1486 exiit
1208 1456 1273 1498 ap.
1291 1442 1422 1487 Perier
1438 1444 1519 1488 ΑΟ.
1542 1446 1663 1499 1607.

428 1529 508 1571 His
552 1529 742 1570 subsidiis
800 1518 1021 1569 instructus
1059 1541 1152 1569 cum
1193 1532 1241 1570 ad
1276 1533 1546 1572 Annaeum
1592 1543 1667 1571 no·

373 1624 502 1656 strum
552 1616 812 1664 accederem‚
867 1615 907 1654 id
949 1614 1044 1654 mihi
1092 1616 1322 1666 proposui,
1367 1627 1410 1657 ut
1452 1617 1490 1656 in
1529 1616 1668 1667 pleris-

374 1710 454 1752 que
494 1697 807 1751 Ruhkopfii
860 1698 1032 1739 lectione
1070 1709 1248 1750 servata,
1291 1698 1422 1741 sicubi
1456 1700 1666 1742 disceden-

1568 1786 1666 1828 dum

442 1883 536 1929 (π)
569 1882 708 1919 Libem
741 1881 877 1917 titulus
911 1882 1056 1927 integer
1095 1878 1159 1916 hie
1189 1889 1269 1919 est:
1309 1885 1351 1919 C.
1386 1882 1674 1921 Sallustius

367 1947 618 1993 Crispus,
663 1945 753 1982 oder
795 1944 994 1982 histor-isch
1039 1942 1214 1981 critiscbe
1273 1944 1561 1993 Untersucs'tung
1605 1946 1676 1983 der

364 2009 627 2050 Nachrichten
669 2021 737 2045 von
773 2012 905 2044 seinem
941 2008 1085 2050 Leaen,
1134 2007 1202 2044 der
1244 2007 1418 2047 Urtheile
1452 2011 1546 2048 :Iber
1576 2015 1675 2049 scine

369 2075 593 2123 Schrtften,
646 2073 724 2109 und
774 2073 842 2108 der
882 2073 1106 2122 Erkls'irung
1147 2074 1351 2111 derselben.
1402 2074 1524 2112 Nebst
1557 2077 1675 2114 einem

366 2142 535 2188 Beitrag
574 2151 646 2177 zur
687 2138 817 2175 Kritilt’
850 2138 911 2176 des
946 2140 1075 2177 Cicero
1109 2142 1186 2177 und
1217 2140 1369 2177 Seneca.
1423 2139 1677 2189 Herausgege-

367 2207 437 2244 ben
478 2217 547 2242 von
591 2203 650 2241 M.
696 2203 824 2240 Otto
873 2204 1044 2241 Moriz
1092 2204 1304 2248 Mulier,
1352 2202 1558 2241 Zulls'cbau
1600 2204 1682 2241 und

368 2273 529 2319 Leipzig
562 2274 669 2308 1817.
722 2269 973 2316 Appendices
1015 2274 1149 2307 Latine
1192 2271 1323 2318 scripti
1359 2280 1471 2316 sunt,
1508 2281 1673 2318 quorum

369 2323 464 2373 aiter
493 2333 538 2370 ad
571 2333 793 2370 Senecae
822 2333 865 2369 de
908 2335 1061 2374 Provid.
1109 2335 1245 2371 librum
1279 2344 1439 2381 spectat.
1492 2335 1674 2372 Ceterum

370 2399 486 2447 hujus
542 2407 748 2445 separatam
802 2397 1037 2443 editionem,
1087 2409 1187 2446 quae
1249 2398 1456 2436 Ackero
1520 2408 1676 2437 curante

369 2462 615 2503 Rudolstadii
657 2461 802 2510 prodiit
844 2462 918 2499 ΛΟ.
963 2472 1080 2506 1711,
1135 2463 1384 2501 Fabricio
1432 2473 1674 2501 memoratam

368 2531 399 2571 l.
416 2531 443 2567 l.
472 2537 498 2577 p
537 2538 631 2575 105.
669 2529 805 2566 frustra
839 2529 929 2564 mihi
963 2539 1180 2577 comparare
1213 2539 1371 2566 conatus
1405 2540 1497 2567 sum.

444 2592 534 2642 (ο)
562 2593 751 2629 Memorat
777 2603 856 2629 eam
888 2593 925 2628 in
950 2593 1280 2639 praestantissimis
1305 2593 1500 2632 Fabric.
1517 2600 1559 2641 p.
1586 2602 1675 2639 113.

370 2659 509 2698 Exstat
545 2659 581 2695 in
620 2659 849 2696 narleuzcnsi
889 2657 1150 2698 Bibliotheca.
