1970 3267
350 218 408 261 42
923 212 1088 232 ····-·

418 334 549 380 anime
582 332 653 378 diu
681 332 916 377 meditatum
945 346 1081 390 opus;
1114 333 1221 389 cripe
1262 342 1304 376 te
1339 333 1461 378 rebus
1507 332 1650 379 huma-

364 423 392 466 8
417 420 498 464 nis.
555 420 644 477 Jam
676 419 859 465 Petreius
908 429 950 464 et
983 420 1084 465 Iuba
1125 429 1447 476 concurrerunt,
1503 420 1650 466 iacent-

418 519 503 563 que
540 508 640 552 alter
679 507 843 552 alterius
893 518 1016 551 manu
1057 507 1179 551 caesi.
1237 506 1372 551 Fortis
1421 517 1461 550 et
1495 506 1654 564 egregia

418 593 494 639 fati
527 596 775 650 conventio,
809 595 883 639 sed
916 606 1020 649 quae
1049 604 1137 636 non
1164 594 1302 638 deceat
1334 593 1650 649 magnitudinem

420 681 631 726 nostram!
663 690 744 724 tam
775 690 897 735 turpe
937 688 1000 724 est
1042 679 1224 734 Catoni,
1253 689 1426 725 mortem
1476 680 1527 723 ab
1565 680 1652 723 ullo

415 776 583 823 petere,
617 777 738 821 quam
785 767 923 810 vitam.
984 765 1150 820 Liquet·
1185 766 1317 821 mihi,
1370 780 1464 812 cum
1504 780 1655 823 magno

396 862 628 910 *spectasse
661 852 809 911 gaudio
840 854 984 910 DeoS,
1028 866 1123 898 cum
1153 855 1234 910 iam
1280 853 1348 898 ille
1380 854 1465 907 vir,
1512 853 1655 899 acerri-

417 954 513 986 mus
546 941 613 986 sui
623 940 773 986 vindex
789 972 806 995 ‚
848 941 999 986 alienae
1031 940 1152 986 saluti
1184 939 1363 985 consulit
1377 970 1393 995 ,
1420 949 1461 984 et
1493 939 1657 986 instruit

419 1027 713 1071 discedentium
740 1026 906 1082 fugam:
949 1027 1048 1071 dum
1090 1026 1208 1070 etiam
1241 1026 1374 1070 studia
1403 1036 1525 1071 nocte
1564 1028 1657 1070 ulti·

421 1126 488 1157 ma
522 1121 693 1167 tractat,
739 1112 838 1157 dum
882 1112 1058 1169 gladium
1110 1124 1226 1156 sacro
1282 1111 1440 1166 pectori
1497 1111 1656 1168 infigit,

421 1198 521 1244 dum
562 1197 718 1243 viscera
763 1199 946 1254 spargit,
1000 1207 1042 1241 et
1079 1197 1188 1241 illam
1242 1197 1534 1243 sanctissimam
1574 1197 1659 1242 ani·

419 1296 528 1329 mam
542 1315 558 1339 ,
588 1284 878 1339 indignamque
902 1295 1005 1339 quae
1028 1283 1139 1329 ferro
1174 1283 1542 1339 contaminaretur,
1571 1297 1656 1328 ma·

364 1383 394 1418 ο
421 1382 483 1415 nu
521 1370 669 1416 educit.
730 1371 830 1415 Inde
879 1371 1113 1417 crediderim
1163 1371 1291 1416 fuisse
1325 1385 1468 1427 parum
1500 1381 1657 1417 certum

423 1465 467 1499 et
511 1456 649 1501 efficax
683 1457 851 1500 vulnus.
890 1467 976 1500 non
1028 1456 1108 1501 fuit
1145 1456 1236 1501 Diis
1278 1457 1571 1500 immortalibus
1595 1470 1660 1499 sa·

426 1541 480 1586 tis
494 1573 510 1596 ,
553 1553 738 1596 spectare
772 1543 972 1586 Catonem
1015 1543 1161 1587 semel:
1204 1552 1358 1586 retenta
1390 1557 1437 1586 ac
1473 1553 1659 1587 revocata

421 1628 558 1673 virtus
596 1637 685 1681 est,
739 1637 785 1671 ut
830 1628 871 1671 in
920 1628 1134 1672 difficiliori
1167 1639 1281 1683 parte
1320 1643 1364 1672 se
1410 1630 1658 1675 ostenderet·

420 1714 525 1762 Non
562 1714 667 1758 enim
700 1725 780 1759 tam
819 1726 967 1770 magno
1013 1715 1150 1758 animo
1196 1728 1307 1759 mors
1342 1715 1496 1769 initur,
1538 1729 1659 1769 quam

1598 1816 1662 1846 Te·

405 1886 449 1929 8.
495 1886 781 1928 concurrerunt
813 1884 913 1926 Cod.
945 1884 1061 1927 Voss.
1094 1895 1335 1928 corruerunt.

410 1951 533 2000 Jam,
569 1952 681 1999 quod
705 1952 801 1990 huic
829 1951 1084 1999 descriptioni
1114 1954 1305 2000 praeclare
1338 1954 1526 2000 inservit,
1560 1954 1668 1993 abest

361 2025 385 2059 ι
415 2015 515 2055 cod.
542 2019 662 2057 Voss.

411 2078 712 2120 Discedentiune.
730 2086 807 2122 Pro
837 2091 888 2120 eo
917 2081 1160 2131 dtffidentium
1180 2083 1287 2134 falles
1318 2083 1482 2132 habere,
1509 2085 1548 2123 in
1569 2085 1669 2135 eius-

363 2144 453 2189 dem
487 2144 580 2184 cod.
613 2146 780 2195 margine
820 2155 993 2185 notatum
1035 2158 1110 2191 est.

412 2210 517 2249 Dum
537 2214 654 2249 etiam
675 2212 821 2250 studia.
840 2211 946 2251 Cod.
967 2212 1116 2250 Fabrlc.
1139 2211 1229 2250 dum
1242 2213 1369 2251 studia
1390 2217 1508 2253 etiam
1525 2241 1537 2260 .
1561 2214 1669 2264 quod

366 2275 534 2315 nesciam
567 2286 613 2313 an
643 2276 779 2314 melius
808 2275 872 2314 sit.
921 2278 1039 2320 Voss.
1060 2275 1234 2326 fastidia
1264 2277 1393 2316 studia
1423 2282 1558 2317 etiam.

413 2351 454 2390 9.
478 2340 635 2392 Efficax.
686 2344 777 2379 Arn.
810 2339 991 2389 inefficax.

414 2407 624 2447 Revocata.
674 2405 751 2445 Pro
786 2415 836 2444 eo
878 2405 1038 2445 codices
1074 2404 1259 2454 quosdam
1307 2405 1446 2446 habere
1482 2416 1669 2450 renovata

365 2482 496 2515 monet
531 2473 639 2512 Pinc.

414 2538 643 2588 Dt'ffica‘la’ori.
691 2536 792 2575 Cod.
825 2536 937 2576 Leid.
982 2536 1212 2587 difiFciliore.

416 2600 557 2644 luitur.
604 2600 776 2642 ‘Mortem
805 2602 933 2650 inire,
975 2611 1052 2641 rara
1082 2601 1230 2643 dictio:
1259 2612 1449 2646 mutarunt
1483 2605 1599 2655 igitur
1629 2606 1668 2644 in

1601 2683 1670 2709 im·
